%YAML 1.1
%TAG !u! tag:unity3d.com,2011:
--- !u!1 &4465549604769402395
GameObject:
  m_ObjectHideFlags: 0
  m_CorrespondingSourceObject: {fileID: 0}
  m_PrefabInstance: {fileID: 0}
  m_PrefabAsset: {fileID: 0}
  serializedVersion: 6
  m_Component:
  - component: {fileID: 138374818478675797}
  - component: {fileID: 8523574910385705148}
  - component: {fileID: 4654253486330454234}
  - component: {fileID: 5456520635031167072}
  m_Layer: 0
  m_Name: tree_base
  m_TagString: Untagged
  m_Icon: {fileID: 0}
  m_NavMeshLayer: 0
  m_StaticEditorFlags: 0
  m_IsActive: 1
--- !u!4 &138374818478675797
Transform:
  m_ObjectHideFlags: 0
  m_CorrespondingSourceObject: {fileID: 0}
  m_PrefabInstance: {fileID: 0}
  m_PrefabAsset: {fileID: 0}
  m_GameObject: {fileID: 4465549604769402395}
  m_LocalRotation: {x: -0, y: -0, z: -0, w: 1}
  m_LocalPosition: {x: 0, y: 0, z: 0}
  m_LocalScale: {x: 1, y: 1, z: 1}
  m_ConstrainProportionsScale: 0
  m_Children: []
  m_Father: {fileID: 4644460813738170751}
  m_RootOrder: 0
  m_LocalEulerAnglesHint: {x: 0, y: 0, z: 0}
--- !u!65 &8523574910385705148
BoxCollider:
  m_ObjectHideFlags: 0
  m_CorrespondingSourceObject: {fileID: 0}
  m_PrefabInstance: {fileID: 0}
  m_PrefabAsset: {fileID: 0}
  m_GameObject: {fileID: 4465549604769402395}
  m_Material: {fileID: 0}
  m_IsTrigger: 0
  m_Enabled: 1
  serializedVersion: 2
  m_Size: {x: 1, y: 13, z: 1}
  m_Center: {x: 0, y: 0, z: 0}
--- !u!114 &4654253486330454234
MonoBehaviour:
  m_ObjectHideFlags: 0
  m_CorrespondingSourceObject: {fileID: 0}
  m_PrefabInstance: {fileID: 0}
  m_PrefabAsset: {fileID: 0}
  m_GameObject: {fileID: 4465549604769402395}
  m_Enabled: 1
  m_EditorHideFlags: 0
  m_Script: {fileID: 11500000, guid: 15d759d91dfb93f4bbf6e687a105ed21, type: 3}
  m_Name: 
  m_EditorClassIdentifier: 
  playerInRange: 0
  canBeChopped: 0
  treeMaxHealth: 10
  treeHealth: 0
--- !u!65 &5456520635031167072
BoxCollider:
  m_ObjectHideFlags: 0
  m_CorrespondingSourceObject: {fileID: 0}
  m_PrefabInstance: {fileID: 0}
  m_PrefabAsset: {fileID: 0}
  m_GameObject: {fileID: 4465549604769402395}
  m_Material: {fileID: 0}
  m_IsTrigger: 1
  m_Enabled: 1
  serializedVersion: 2
  m_Size: {x: 6, y: 12, z: 6}
  m_Center: {x: 0, y: 0, z: 0}
--- !u!1001 &4640116083282593547
PrefabInstance:
  m_ObjectHideFlags: 0
  serializedVersion: 2
  m_Modification:
    m_TransformParent: {fileID: 0}
    m_Modifications:
    - target: {fileID: 1216688828669844, guid: d0fef57aa8c0772448a3a57390d3c153, type: 3}
      propertyPath: m_Name
      value: Birch_tree2 Variant (11)
      objectReference: {fileID: 0}
    - target: {fileID: 4908765312130676, guid: d0fef57aa8c0772448a3a57390d3c153, type: 3}
      propertyPath: m_RootOrder
      value: 0
      objectReference: {fileID: 0}
    - target: {fileID: 4908765312130676, guid: d0fef57aa8c0772448a3a57390d3c153, type: 3}
      propertyPath: m_LocalPosition.x
      value: 267.45453
      objectReference: {fileID: 0}
    - target: {fileID: 4908765312130676, guid: d0fef57aa8c0772448a3a57390d3c153, type: 3}
      propertyPath: m_LocalPosition.y
      value: -5.3057346
      objectReference: {fileID: 0}
    - target: {fileID: 4908765312130676, guid: d0fef57aa8c0772448a3a57390d3c153, type: 3}
      propertyPath: m_LocalPosition.z
      value: 148.87617
      objectReference: {fileID: 0}
    - target: {fileID: 4908765312130676, guid: d0fef57aa8c0772448a3a57390d3c153, type: 3}
      propertyPath: m_LocalRotation.w
      value: 1
      objectReference: {fileID: 0}
    - target: {fileID: 4908765312130676, guid: d0fef57aa8c0772448a3a57390d3c153, type: 3}
      propertyPath: m_LocalRotation.x
      value: -0
      objectReference: {fileID: 0}
    - target: {fileID: 4908765312130676, guid: d0fef57aa8c0772448a3a57390d3c153, type: 3}
      propertyPath: m_LocalRotation.y
      value: -0
      objectReference: {fileID: 0}
    - target: {fileID: 4908765312130676, guid: d0fef57aa8c0772448a3a57390d3c153, type: 3}
      propertyPath: m_LocalRotation.z
      value: -0
      objectReference: {fileID: 0}
    - target: {fileID: 4908765312130676, guid: d0fef57aa8c0772448a3a57390d3c153, type: 3}
      propertyPath: m_LocalEulerAnglesHint.x
      value: 0
      objectReference: {fileID: 0}
    - target: {fileID: 4908765312130676, guid: d0fef57aa8c0772448a3a57390d3c153, type: 3}
      propertyPath: m_LocalEulerAnglesHint.y
      value: 0
      objectReference: {fileID: 0}
    - target: {fileID: 4908765312130676, guid: d0fef57aa8c0772448a3a57390d3c153, type: 3}
      propertyPath: m_LocalEulerAnglesHint.z
      value: 0
      objectReference: {fileID: 0}
    - target: {fileID: 136367590879483440, guid: d0fef57aa8c0772448a3a57390d3c153, type: 3}
      propertyPath: m_Radius
      value: 1.64
      objectReference: {fileID: 0}
    - target: {fileID: 136367590879483440, guid: d0fef57aa8c0772448a3a57390d3c153, type: 3}
      propertyPath: m_Center.y
      value: 7
      objectReference: {fileID: 0}
    m_RemovedComponents: []
  m_SourcePrefab: {fileID: 100100000, guid: d0fef57aa8c0772448a3a57390d3c153, type: 3}
--- !u!1 &4639079716015151263 stripped
GameObject:
  m_CorrespondingSourceObject: {fileID: 1216688828669844, guid: d0fef57aa8c0772448a3a57390d3c153, type: 3}
  m_PrefabInstance: {fileID: 4640116083282593547}
  m_PrefabAsset: {fileID: 0}
--- !u!65 &-4851487479097602750
BoxCollider:
  m_ObjectHideFlags: 0
  m_CorrespondingSourceObject: {fileID: 0}
  m_PrefabInstance: {fileID: 0}
  m_PrefabAsset: {fileID: 0}
  m_GameObject: {fileID: 4639079716015151263}
  m_Material: {fileID: 0}
  m_IsTrigger: 1
  m_Enabled: 1
  serializedVersion: 2
  m_Size: {x: 12.521061, y: 13.553925, z: 12.640932}
  m_Center: {x: -0.21279335, y: 6.276413, z: -0.357795}
--- !u!114 &-8946679259681159441
MonoBehaviour:
  m_ObjectHideFlags: 0
  m_CorrespondingSourceObject: {fileID: 0}
  m_PrefabInstance: {fileID: 0}
  m_PrefabAsset: {fileID: 0}
  m_GameObject: {fileID: 4639079716015151263}
  m_Enabled: 1
  m_EditorHideFlags: 0
  m_Script: {fileID: 11500000, guid: 48d69e77da8cbae439376e406a6a5aff, type: 3}
  m_Name: 
  m_EditorClassIdentifier: 
  playerInRange: 0
  ItemName: Tree
--- !u!4 &4644460813738170751 stripped
Transform:
  m_CorrespondingSourceObject: {fileID: 4908765312130676, guid: d0fef57aa8c0772448a3a57390d3c153, type: 3}
  m_PrefabInstance: {fileID: 4640116083282593547}
  m_PrefabAsset: {fileID: 0}
