%YAML 1.1
%TAG !u! tag:unity3d.com,2011:
--- !u!1 &3117705761251097256
GameObject:
  m_ObjectHideFlags: 0
  m_CorrespondingSourceObject: {fileID: 0}
  m_PrefabInstance: {fileID: 0}
  m_PrefabAsset: {fileID: 0}
  serializedVersion: 6
  m_Component:
  - component: {fileID: 3117705761251097254}
  - component: {fileID: 3117705761251097255}
  m_Layer: 0
  m_Name: Directional Light
  m_TagString: Untagged
  m_Icon: {fileID: 0}
  m_NavMeshLayer: 0
  m_StaticEditorFlags: 0
  m_IsActive: 1
--- !u!4 &3117705761251097254
Transform:
  m_ObjectHideFlags: 0
  m_CorrespondingSourceObject: {fileID: 0}
  m_PrefabInstance: {fileID: 0}
  m_PrefabAsset: {fileID: 0}
  m_GameObject: {fileID: 3117705761251097256}
  m_LocalRotation: {x: 0.40821788, y: -0.23456968, z: 0.10938163, w: 0.8754261}
  m_LocalPosition: {x: -178.64838, y: -3.3841963, z: -127.334305}
  m_LocalScale: {x: 1, y: 1, z: 1}
  m_ConstrainProportionsScale: 0
  m_Children: []
  m_Father: {fileID: 772383230335443108}
  m_RootOrder: 0
  m_LocalEulerAnglesHint: {x: 50, y: -30, z: 0}
--- !u!108 &3117705761251097255
Light:
  m_ObjectHideFlags: 0
  m_CorrespondingSourceObject: {fileID: 0}
  m_PrefabInstance: {fileID: 0}
  m_PrefabAsset: {fileID: 0}
  m_GameObject: {fileID: 3117705761251097256}
  m_Enabled: 1
  serializedVersion: 10
  m_Type: 1
  m_Shape: 0
  m_Color: {r: 1, g: 0.953, b: 0.803, a: 1}
  m_Intensity: 1.1
  m_Range: 10
  m_SpotAngle: 30
  m_InnerSpotAngle: 21.80208
  m_CookieSize: 5
  m_Shadows:
    m_Type: 2
    m_Resolution: 1
    m_CustomResolution: -1
    m_Strength: 1
    m_Bias: 0.05
    m_NormalBias: 0.32
    m_NearPlane: 0.2
    m_CullingMatrixOverride:
      e00: 1
      e01: 0
      e02: 0
      e03: 0
      e10: 0
      e11: 1
      e12: 0
      e13: 0
      e20: 0
      e21: 0
      e22: 1
      e23: 0
      e30: 0
      e31: 0
      e32: 0
      e33: 1
    m_UseCullingMatrixOverride: 0
  m_Cookie: {fileID: 0}
  m_DrawHalo: 0
  m_Flare: {fileID: 0}
  m_RenderMode: 0
  m_CullingMask:
    serializedVersion: 2
    m_Bits: 4294967295
  m_RenderingLayerMask: 1
  m_Lightmapping: 4
  m_LightShadowCasterMode: 0
  m_AreaSize: {x: 1, y: 1}
  m_BounceIntensity: 1
  m_ColorTemperature: 6570
  m_UseColorTemperature: 0
  m_BoundingSphereOverride: {x: 0, y: 0, z: 0, w: 0}
  m_UseBoundingSphereOverride: 0
  m_UseViewFrustumForShadowCasterCull: 1
  m_ShadowRadius: 0
  m_ShadowAngle: 0
--- !u!1 &3117705761262828305
GameObject:
  m_ObjectHideFlags: 0
  m_CorrespondingSourceObject: {fileID: 0}
  m_PrefabInstance: {fileID: 0}
  m_PrefabAsset: {fileID: 0}
  serializedVersion: 6
  m_Component:
  - component: {fileID: 3117705761262828269}
  - component: {fileID: 3117705761262828270}
  - component: {fileID: 3117705761262828271}
  - component: {fileID: 3117705761262828304}
  m_Layer: 0
  m_Name: Cube
  m_TagString: Untagged
  m_Icon: {fileID: 0}
  m_NavMeshLayer: 0
  m_StaticEditorFlags: 4294967295
  m_IsActive: 1
--- !u!4 &3117705761262828269
Transform:
  m_ObjectHideFlags: 0
  m_CorrespondingSourceObject: {fileID: 0}
  m_PrefabInstance: {fileID: 0}
  m_PrefabAsset: {fileID: 0}
  m_GameObject: {fileID: 3117705761262828305}
  m_LocalRotation: {x: -0, y: -0, z: -0, w: 1}
  m_LocalPosition: {x: 56.2, y: 21.5, z: 250}
  m_LocalScale: {x: 1, y: 100, z: 500}
  m_ConstrainProportionsScale: 0
  m_Children: []
  m_Father: {fileID: 3117705762397938653}
  m_RootOrder: 0
  m_LocalEulerAnglesHint: {x: 0, y: 0, z: 0}
--- !u!33 &3117705761262828270
MeshFilter:
  m_ObjectHideFlags: 0
  m_CorrespondingSourceObject: {fileID: 0}
  m_PrefabInstance: {fileID: 0}
  m_PrefabAsset: {fileID: 0}
  m_GameObject: {fileID: 3117705761262828305}
  m_Mesh: {fileID: 10202, guid: 0000000000000000e000000000000000, type: 0}
--- !u!65 &3117705761262828271
BoxCollider:
  m_ObjectHideFlags: 0
  m_CorrespondingSourceObject: {fileID: 0}
  m_PrefabInstance: {fileID: 0}
  m_PrefabAsset: {fileID: 0}
  m_GameObject: {fileID: 3117705761262828305}
  m_Material: {fileID: 0}
  m_IsTrigger: 0
  m_Enabled: 1
  serializedVersion: 2
  m_Size: {x: 1, y: 1, z: 1}
  m_Center: {x: 0, y: 0, z: 0}
--- !u!23 &3117705761262828304
MeshRenderer:
  m_ObjectHideFlags: 0
  m_CorrespondingSourceObject: {fileID: 0}
  m_PrefabInstance: {fileID: 0}
  m_PrefabAsset: {fileID: 0}
  m_GameObject: {fileID: 3117705761262828305}
  m_Enabled: 0
  m_CastShadows: 1
  m_ReceiveShadows: 1
  m_DynamicOccludee: 1
  m_StaticShadowCaster: 0
  m_MotionVectors: 1
  m_LightProbeUsage: 1
  m_ReflectionProbeUsage: 1
  m_RayTracingMode: 2
  m_RayTraceProcedural: 0
  m_RenderingLayerMask: 1
  m_RendererPriority: 0
  m_Materials:
  - {fileID: 10303, guid: 0000000000000000f000000000000000, type: 0}
  m_StaticBatchInfo:
    firstSubMesh: 0
    subMeshCount: 0
  m_StaticBatchRoot: {fileID: 0}
  m_ProbeAnchor: {fileID: 0}
  m_LightProbeVolumeOverride: {fileID: 0}
  m_ScaleInLightmap: 1
  m_ReceiveGI: 1
  m_PreserveUVs: 1
  m_IgnoreNormalsForChartDetection: 0
  m_ImportantGI: 0
  m_StitchLightmapSeams: 1
  m_SelectedEditorRenderState: 3
  m_MinimumChartSize: 4
  m_AutoUVMaxDistance: 0.5
  m_AutoUVMaxAngle: 89
  m_LightmapParameters: {fileID: 0}
  m_SortingLayerID: 0
  m_SortingLayer: 0
  m_SortingOrder: 0
  m_AdditionalVertexStreams: {fileID: 0}
--- !u!1 &3117705761509755990
GameObject:
  m_ObjectHideFlags: 0
  m_CorrespondingSourceObject: {fileID: 0}
  m_PrefabInstance: {fileID: 0}
  m_PrefabAsset: {fileID: 0}
  serializedVersion: 6
  m_Component:
  - component: {fileID: 3117705761509755989}
  m_Layer: 0
  m_Name: Environments
  m_TagString: Untagged
  m_Icon: {fileID: 0}
  m_NavMeshLayer: 0
  m_StaticEditorFlags: 0
  m_IsActive: 1
--- !u!4 &3117705761509755989
Transform:
  m_ObjectHideFlags: 0
  m_CorrespondingSourceObject: {fileID: 0}
  m_PrefabInstance: {fileID: 0}
  m_PrefabAsset: {fileID: 0}
  m_GameObject: {fileID: 3117705761509755990}
  m_LocalRotation: {x: -0, y: -0, z: -0, w: 1}
  m_LocalPosition: {x: -178.64838, y: -6.3841963, z: -127.334305}
  m_LocalScale: {x: 1, y: 1, z: 1}
  m_ConstrainProportionsScale: 0
  m_Children:
  - {fileID: 3117705762405442259}
  - {fileID: 3117705761746502342}
  - {fileID: 3117705762150247270}
  m_Father: {fileID: 772383230335443108}
  m_RootOrder: 1
  m_LocalEulerAnglesHint: {x: 0, y: 0, z: 0}
--- !u!1 &3117705761621751968
GameObject:
  m_ObjectHideFlags: 0
  m_CorrespondingSourceObject: {fileID: 0}
  m_PrefabInstance: {fileID: 0}
  m_PrefabAsset: {fileID: 0}
  serializedVersion: 6
  m_Component:
  - component: {fileID: 3117705761621751999}
  - component: {fileID: 3117705761621751996}
  - component: {fileID: 3117705761621751997}
  - component: {fileID: 3117705761621751998}
  m_Layer: 0
  m_Name: Cube (3)
  m_TagString: Untagged
  m_Icon: {fileID: 0}
  m_NavMeshLayer: 0
  m_StaticEditorFlags: 4294967295
  m_IsActive: 1
--- !u!4 &3117705761621751999
Transform:
  m_ObjectHideFlags: 0
  m_CorrespondingSourceObject: {fileID: 0}
  m_PrefabInstance: {fileID: 0}
  m_PrefabAsset: {fileID: 0}
  m_GameObject: {fileID: 3117705761621751968}
  m_LocalRotation: {x: -0, y: -0, z: -0, w: 1}
  m_LocalPosition: {x: 448.3, y: 21.5, z: 250}
  m_LocalScale: {x: 1, y: 100, z: 500}
  m_ConstrainProportionsScale: 0
  m_Children: []
  m_Father: {fileID: 3117705762397938653}
  m_RootOrder: 3
  m_LocalEulerAnglesHint: {x: 0, y: 0, z: 0}
--- !u!33 &3117705761621751996
MeshFilter:
  m_ObjectHideFlags: 0
  m_CorrespondingSourceObject: {fileID: 0}
  m_PrefabInstance: {fileID: 0}
  m_PrefabAsset: {fileID: 0}
  m_GameObject: {fileID: 3117705761621751968}
  m_Mesh: {fileID: 10202, guid: 0000000000000000e000000000000000, type: 0}
--- !u!65 &3117705761621751997
BoxCollider:
  m_ObjectHideFlags: 0
  m_CorrespondingSourceObject: {fileID: 0}
  m_PrefabInstance: {fileID: 0}
  m_PrefabAsset: {fileID: 0}
  m_GameObject: {fileID: 3117705761621751968}
  m_Material: {fileID: 0}
  m_IsTrigger: 0
  m_Enabled: 1
  serializedVersion: 2
  m_Size: {x: 1, y: 1, z: 1}
  m_Center: {x: 0, y: 0, z: 0}
--- !u!23 &3117705761621751998
MeshRenderer:
  m_ObjectHideFlags: 0
  m_CorrespondingSourceObject: {fileID: 0}
  m_PrefabInstance: {fileID: 0}
  m_PrefabAsset: {fileID: 0}
  m_GameObject: {fileID: 3117705761621751968}
  m_Enabled: 0
  m_CastShadows: 1
  m_ReceiveShadows: 1
  m_DynamicOccludee: 1
  m_StaticShadowCaster: 0
  m_MotionVectors: 1
  m_LightProbeUsage: 1
  m_ReflectionProbeUsage: 1
  m_RayTracingMode: 2
  m_RayTraceProcedural: 0
  m_RenderingLayerMask: 1
  m_RendererPriority: 0
  m_Materials:
  - {fileID: 10303, guid: 0000000000000000f000000000000000, type: 0}
  m_StaticBatchInfo:
    firstSubMesh: 0
    subMeshCount: 0
  m_StaticBatchRoot: {fileID: 0}
  m_ProbeAnchor: {fileID: 0}
  m_LightProbeVolumeOverride: {fileID: 0}
  m_ScaleInLightmap: 1
  m_ReceiveGI: 1
  m_PreserveUVs: 1
  m_IgnoreNormalsForChartDetection: 0
  m_ImportantGI: 0
  m_StitchLightmapSeams: 1
  m_SelectedEditorRenderState: 3
  m_MinimumChartSize: 4
  m_AutoUVMaxDistance: 0.5
  m_AutoUVMaxAngle: 89
  m_LightmapParameters: {fileID: 0}
  m_SortingLayerID: 0
  m_SortingLayer: 0
  m_SortingOrder: 0
  m_AdditionalVertexStreams: {fileID: 0}
--- !u!1 &3117705761746502344
GameObject:
  m_ObjectHideFlags: 0
  m_CorrespondingSourceObject: {fileID: 0}
  m_PrefabInstance: {fileID: 0}
  m_PrefabAsset: {fileID: 0}
  serializedVersion: 6
  m_Component:
  - component: {fileID: 3117705761746502342}
  - component: {fileID: 3117705761746502343}
  m_Layer: 0
  m_Name: WindZone
  m_TagString: Untagged
  m_Icon: {fileID: 0}
  m_NavMeshLayer: 0
  m_StaticEditorFlags: 0
  m_IsActive: 1
--- !u!4 &3117705761746502342
Transform:
  m_ObjectHideFlags: 0
  m_CorrespondingSourceObject: {fileID: 0}
  m_PrefabInstance: {fileID: 0}
  m_PrefabAsset: {fileID: 0}
  m_GameObject: {fileID: 3117705761746502344}
  m_LocalRotation: {x: -0, y: -0, z: -0, w: 1}
  m_LocalPosition: {x: 0, y: 0, z: 0}
  m_LocalScale: {x: 1, y: 1, z: 1}
  m_ConstrainProportionsScale: 0
  m_Children: []
  m_Father: {fileID: 3117705761509755989}
  m_RootOrder: 1
  m_LocalEulerAnglesHint: {x: 0, y: 0, z: 0}
--- !u!182 &3117705761746502343
WindZone:
  m_ObjectHideFlags: 0
  m_CorrespondingSourceObject: {fileID: 0}
  m_PrefabInstance: {fileID: 0}
  m_PrefabAsset: {fileID: 0}
  m_GameObject: {fileID: 3117705761746502344}
  m_Enabled: 1
  m_Mode: 0
  m_Radius: 20
  m_WindMain: 0.5
  m_WindTurbulence: 0.1
  m_WindPulseMagnitude: 0.8
  m_WindPulseFrequency: 0.5
--- !u!1 &3117705762150247273
GameObject:
  m_ObjectHideFlags: 0
  m_CorrespondingSourceObject: {fileID: 0}
  m_PrefabInstance: {fileID: 0}
  m_PrefabAsset: {fileID: 0}
  serializedVersion: 6
  m_Component:
  - component: {fileID: 3117705762150247270}
  - component: {fileID: 3117705762150247271}
  - component: {fileID: 3117705762150247272}
  m_Layer: 0
  m_Name: Terrain
  m_TagString: Untagged
  m_Icon: {fileID: 0}
  m_NavMeshLayer: 0
  m_StaticEditorFlags: 4294967295
  m_IsActive: 1
--- !u!4 &3117705762150247270
Transform:
  m_ObjectHideFlags: 0
  m_CorrespondingSourceObject: {fileID: 0}
  m_PrefabInstance: {fileID: 0}
  m_PrefabAsset: {fileID: 0}
  m_GameObject: {fileID: 3117705762150247273}
  m_LocalRotation: {x: -0, y: -0, z: -0, w: 1}
  m_LocalPosition: {x: 0, y: 0, z: 0}
  m_LocalScale: {x: 1, y: 1, z: 1}
  m_ConstrainProportionsScale: 0
  m_Children: []
  m_Father: {fileID: 3117705761509755989}
  m_RootOrder: 2
  m_LocalEulerAnglesHint: {x: 0, y: 0, z: 0}
--- !u!218 &3117705762150247271
Terrain:
  m_ObjectHideFlags: 0
  m_CorrespondingSourceObject: {fileID: 0}
  m_PrefabInstance: {fileID: 0}
  m_PrefabAsset: {fileID: 0}
  m_GameObject: {fileID: 3117705762150247273}
  m_Enabled: 1
  serializedVersion: 6
  m_TerrainData: {fileID: 15600000, guid: 8ee04e1f17f7f5549acabd4c8d8a68c4, type: 2}
  m_TreeDistance: 2000
  m_TreeBillboardDistance: 80
  m_TreeCrossFadeLength: 5
  m_TreeMaximumFullLODCount: 15
  m_DetailObjectDistance: 60
  m_DetailObjectDensity: 1
  m_HeightmapPixelError: 10
  m_SplatMapDistance: 1000
  m_HeightmapMaximumLOD: 0
  m_ShadowCastingMode: 2
  m_DrawHeightmap: 1
  m_DrawInstanced: 0
  m_DrawTreesAndFoliage: 1
  m_StaticShadowCaster: 0
  m_ReflectionProbeUsage: 1
  m_MaterialTemplate: {fileID: 10650, guid: 0000000000000000f000000000000000, type: 0}
  m_BakeLightProbesForTrees: 1
  m_PreserveTreePrototypeLayers: 0
  m_DeringLightProbesForTrees: 1
  m_ScaleInLightmap: 0.0512
  m_LightmapParameters: {fileID: 15203, guid: 0000000000000000f000000000000000, type: 0}
  m_GroupingID: 0
  m_RenderingLayerMask: 1
  m_AllowAutoConnect: 0
--- !u!154 &3117705762150247272
TerrainCollider:
  m_ObjectHideFlags: 0
  m_CorrespondingSourceObject: {fileID: 0}
  m_PrefabInstance: {fileID: 0}
  m_PrefabAsset: {fileID: 0}
  m_GameObject: {fileID: 3117705762150247273}
  m_Material: {fileID: 0}
  m_Enabled: 1
  m_TerrainData: {fileID: 15600000, guid: 8ee04e1f17f7f5549acabd4c8d8a68c4, type: 2}
  m_EnableTreeColliders: 1
--- !u!1 &3117705762397938654
GameObject:
  m_ObjectHideFlags: 0
  m_CorrespondingSourceObject: {fileID: 0}
  m_PrefabInstance: {fileID: 0}
  m_PrefabAsset: {fileID: 0}
  serializedVersion: 6
  m_Component:
  - component: {fileID: 3117705762397938653}
  m_Layer: 0
  m_Name: Collision
  m_TagString: Untagged
  m_Icon: {fileID: 0}
  m_NavMeshLayer: 0
  m_StaticEditorFlags: 0
  m_IsActive: 1
--- !u!4 &3117705762397938653
Transform:
  m_ObjectHideFlags: 0
  m_CorrespondingSourceObject: {fileID: 0}
  m_PrefabInstance: {fileID: 0}
  m_PrefabAsset: {fileID: 0}
  m_GameObject: {fileID: 3117705762397938654}
  m_LocalRotation: {x: -0, y: -0, z: -0, w: 1}
  m_LocalPosition: {x: -178.64838, y: -6.3841963, z: -127.334305}
  m_LocalScale: {x: 1, y: 1, z: 1}
  m_ConstrainProportionsScale: 0
  m_Children:
  - {fileID: 3117705761262828269}
  - {fileID: 3117705762694731068}
  - {fileID: 3117705762643177960}
  - {fileID: 3117705761621751999}
  m_Father: {fileID: 772383230335443108}
  m_RootOrder: 2
  m_LocalEulerAnglesHint: {x: 0, y: 0, z: 0}
--- !u!1 &3117705762405442260
GameObject:
  m_ObjectHideFlags: 0
  m_CorrespondingSourceObject: {fileID: 0}
  m_PrefabInstance: {fileID: 0}
  m_PrefabAsset: {fileID: 0}
  serializedVersion: 6
  m_Component:
  - component: {fileID: 3117705762405442259}
  m_Layer: 0
  m_Name: Rocks
  m_TagString: Untagged
  m_Icon: {fileID: 0}
  m_NavMeshLayer: 0
  m_StaticEditorFlags: 0
  m_IsActive: 1
--- !u!4 &3117705762405442259
Transform:
  m_ObjectHideFlags: 0
  m_CorrespondingSourceObject: {fileID: 0}
  m_PrefabInstance: {fileID: 0}
  m_PrefabAsset: {fileID: 0}
  m_GameObject: {fileID: 3117705762405442260}
  m_LocalRotation: {x: -0, y: -0, z: -0, w: 1}
  m_LocalPosition: {x: 0, y: 0, z: 0}
  m_LocalScale: {x: 1, y: 1, z: 1}
  m_ConstrainProportionsScale: 0
  m_Children:
  - {fileID: 3119661359413773714}
  - {fileID: 3119661360274212476}
  - {fileID: 3119661359934312665}
  - {fileID: 3119661360079964699}
  - {fileID: 3119661359829168341}
  - {fileID: 3119661359739443838}
  - {fileID: 3119661359327841188}
  - {fileID: 3119661358303198930}
  - {fileID: 3119661359531491437}
  - {fileID: 3119661359908157851}
  m_Father: {fileID: 3117705761509755989}
  m_RootOrder: 0
  m_LocalEulerAnglesHint: {x: 0, y: 0, z: 0}
--- !u!1 &3117705762643177961
GameObject:
  m_ObjectHideFlags: 0
  m_CorrespondingSourceObject: {fileID: 0}
  m_PrefabInstance: {fileID: 0}
  m_PrefabAsset: {fileID: 0}
  serializedVersion: 6
  m_Component:
  - component: {fileID: 3117705762643177960}
  - component: {fileID: 3117705762643177957}
  - component: {fileID: 3117705762643177958}
  - component: {fileID: 3117705762643177959}
  m_Layer: 0
  m_Name: Cube (2)
  m_TagString: Untagged
  m_Icon: {fileID: 0}
  m_NavMeshLayer: 0
  m_StaticEditorFlags: 4294967295
  m_IsActive: 1
--- !u!4 &3117705762643177960
Transform:
  m_ObjectHideFlags: 0
  m_CorrespondingSourceObject: {fileID: 0}
  m_PrefabInstance: {fileID: 0}
  m_PrefabAsset: {fileID: 0}
  m_GameObject: {fileID: 3117705762643177961}
  m_LocalRotation: {x: -0, y: 0.7071068, z: -0, w: 0.7071068}
  m_LocalPosition: {x: 257.4, y: 21.5, z: 35.4}
  m_LocalScale: {x: 1.0000005, y: 100, z: 500.00037}
  m_ConstrainProportionsScale: 0
  m_Children: []
  m_Father: {fileID: 3117705762397938653}
  m_RootOrder: 2
  m_LocalEulerAnglesHint: {x: 0, y: 90, z: 0}
--- !u!33 &3117705762643177957
MeshFilter:
  m_ObjectHideFlags: 0
  m_CorrespondingSourceObject: {fileID: 0}
  m_PrefabInstance: {fileID: 0}
  m_PrefabAsset: {fileID: 0}
  m_GameObject: {fileID: 3117705762643177961}
  m_Mesh: {fileID: 10202, guid: 0000000000000000e000000000000000, type: 0}
--- !u!65 &3117705762643177958
BoxCollider:
  m_ObjectHideFlags: 0
  m_CorrespondingSourceObject: {fileID: 0}
  m_PrefabInstance: {fileID: 0}
  m_PrefabAsset: {fileID: 0}
  m_GameObject: {fileID: 3117705762643177961}
  m_Material: {fileID: 0}
  m_IsTrigger: 0
  m_Enabled: 1
  serializedVersion: 2
  m_Size: {x: 1, y: 1, z: 1}
  m_Center: {x: 0, y: 0, z: 0}
--- !u!23 &3117705762643177959
MeshRenderer:
  m_ObjectHideFlags: 0
  m_CorrespondingSourceObject: {fileID: 0}
  m_PrefabInstance: {fileID: 0}
  m_PrefabAsset: {fileID: 0}
  m_GameObject: {fileID: 3117705762643177961}
  m_Enabled: 0
  m_CastShadows: 1
  m_ReceiveShadows: 1
  m_DynamicOccludee: 1
  m_StaticShadowCaster: 0
  m_MotionVectors: 1
  m_LightProbeUsage: 1
  m_ReflectionProbeUsage: 1
  m_RayTracingMode: 2
  m_RayTraceProcedural: 0
  m_RenderingLayerMask: 1
  m_RendererPriority: 0
  m_Materials:
  - {fileID: 10303, guid: 0000000000000000f000000000000000, type: 0}
  m_StaticBatchInfo:
    firstSubMesh: 0
    subMeshCount: 0
  m_StaticBatchRoot: {fileID: 0}
  m_ProbeAnchor: {fileID: 0}
  m_LightProbeVolumeOverride: {fileID: 0}
  m_ScaleInLightmap: 1
  m_ReceiveGI: 1
  m_PreserveUVs: 1
  m_IgnoreNormalsForChartDetection: 0
  m_ImportantGI: 0
  m_StitchLightmapSeams: 1
  m_SelectedEditorRenderState: 3
  m_MinimumChartSize: 4
  m_AutoUVMaxDistance: 0.5
  m_AutoUVMaxAngle: 89
  m_LightmapParameters: {fileID: 0}
  m_SortingLayerID: 0
  m_SortingLayer: 0
  m_SortingOrder: 0
  m_AdditionalVertexStreams: {fileID: 0}
--- !u!1 &3117705762694731069
GameObject:
  m_ObjectHideFlags: 0
  m_CorrespondingSourceObject: {fileID: 0}
  m_PrefabInstance: {fileID: 0}
  m_PrefabAsset: {fileID: 0}
  serializedVersion: 6
  m_Component:
  - component: {fileID: 3117705762694731068}
  - component: {fileID: 3117705762694731065}
  - component: {fileID: 3117705762694731066}
  - component: {fileID: 3117705762694731067}
  m_Layer: 0
  m_Name: Cube (1)
  m_TagString: Untagged
  m_Icon: {fileID: 0}
  m_NavMeshLayer: 0
  m_StaticEditorFlags: 4294967295
  m_IsActive: 1
--- !u!4 &3117705762694731068
Transform:
  m_ObjectHideFlags: 0
  m_CorrespondingSourceObject: {fileID: 0}
  m_PrefabInstance: {fileID: 0}
  m_PrefabAsset: {fileID: 0}
  m_GameObject: {fileID: 3117705762694731069}
  m_LocalRotation: {x: 0, y: 0.7071068, z: 0, w: 0.7071068}
  m_LocalPosition: {x: 257.4, y: 21.5, z: 438.7}
  m_LocalScale: {x: 1, y: 100, z: 500}
  m_ConstrainProportionsScale: 0
  m_Children: []
  m_Father: {fileID: 3117705762397938653}
  m_RootOrder: 1
  m_LocalEulerAnglesHint: {x: 0, y: 90, z: 0}
--- !u!33 &3117705762694731065
MeshFilter:
  m_ObjectHideFlags: 0
  m_CorrespondingSourceObject: {fileID: 0}
  m_PrefabInstance: {fileID: 0}
  m_PrefabAsset: {fileID: 0}
  m_GameObject: {fileID: 3117705762694731069}
  m_Mesh: {fileID: 10202, guid: 0000000000000000e000000000000000, type: 0}
--- !u!65 &3117705762694731066
BoxCollider:
  m_ObjectHideFlags: 0
  m_CorrespondingSourceObject: {fileID: 0}
  m_PrefabInstance: {fileID: 0}
  m_PrefabAsset: {fileID: 0}
  m_GameObject: {fileID: 3117705762694731069}
  m_Material: {fileID: 0}
  m_IsTrigger: 0
  m_Enabled: 1
  serializedVersion: 2
  m_Size: {x: 1, y: 1, z: 1}
  m_Center: {x: 0, y: 0, z: 0}
--- !u!23 &3117705762694731067
MeshRenderer:
  m_ObjectHideFlags: 0
  m_CorrespondingSourceObject: {fileID: 0}
  m_PrefabInstance: {fileID: 0}
  m_PrefabAsset: {fileID: 0}
  m_GameObject: {fileID: 3117705762694731069}
  m_Enabled: 0
  m_CastShadows: 1
  m_ReceiveShadows: 1
  m_DynamicOccludee: 1
  m_StaticShadowCaster: 0
  m_MotionVectors: 1
  m_LightProbeUsage: 1
  m_ReflectionProbeUsage: 1
  m_RayTracingMode: 2
  m_RayTraceProcedural: 0
  m_RenderingLayerMask: 1
  m_RendererPriority: 0
  m_Materials:
  - {fileID: 10303, guid: 0000000000000000f000000000000000, type: 0}
  m_StaticBatchInfo:
    firstSubMesh: 0
    subMeshCount: 0
  m_StaticBatchRoot: {fileID: 0}
  m_ProbeAnchor: {fileID: 0}
  m_LightProbeVolumeOverride: {fileID: 0}
  m_ScaleInLightmap: 1
  m_ReceiveGI: 1
  m_PreserveUVs: 1
  m_IgnoreNormalsForChartDetection: 0
  m_ImportantGI: 0
  m_StitchLightmapSeams: 1
  m_SelectedEditorRenderState: 3
  m_MinimumChartSize: 4
  m_AutoUVMaxDistance: 0.5
  m_AutoUVMaxAngle: 89
  m_LightmapParameters: {fileID: 0}
  m_SortingLayerID: 0
  m_SortingLayer: 0
  m_SortingOrder: 0
  m_AdditionalVertexStreams: {fileID: 0}
--- !u!1 &5710974970650547528
GameObject:
  m_ObjectHideFlags: 0
  m_CorrespondingSourceObject: {fileID: 0}
  m_PrefabInstance: {fileID: 0}
  m_PrefabAsset: {fileID: 0}
  serializedVersion: 6
  m_Component:
  - component: {fileID: 772383230335443108}
  m_Layer: 0
  m_Name: Terrain
  m_TagString: Untagged
  m_Icon: {fileID: 0}
  m_NavMeshLayer: 0
  m_StaticEditorFlags: 0
  m_IsActive: 1
--- !u!4 &772383230335443108
Transform:
  m_ObjectHideFlags: 0
  m_CorrespondingSourceObject: {fileID: 0}
  m_PrefabInstance: {fileID: 0}
  m_PrefabAsset: {fileID: 0}
  m_GameObject: {fileID: 5710974970650547528}
  m_LocalRotation: {x: 0, y: 0, z: 0, w: 1}
  m_LocalPosition: {x: 178.64838, y: 6.3841963, z: 127.334305}
  m_LocalScale: {x: 1, y: 1, z: 1}
  m_ConstrainProportionsScale: 0
  m_Children:
  - {fileID: 3117705761251097254}
  - {fileID: 3117705761509755989}
  - {fileID: 3117705762397938653}
  m_Father: {fileID: 0}
  m_RootOrder: 0
  m_LocalEulerAnglesHint: {x: 0, y: 0, z: 0}
--- !u!1001 &3117705761290638736
PrefabInstance:
  m_ObjectHideFlags: 0
  serializedVersion: 2
  m_Modification:
    m_TransformParent: {fileID: 3117705762405442259}
    m_Modifications:
    - target: {fileID: 1562119382739742, guid: c07f24e35f07ce74ba43afa35d48adf7, type: 3}
      propertyPath: m_Name
      value: Rock1 (7)
      objectReference: {fileID: 0}
    - target: {fileID: 4243724423293762, guid: c07f24e35f07ce74ba43afa35d48adf7, type: 3}
      propertyPath: m_RootOrder
      value: 7
      objectReference: {fileID: 0}
    - target: {fileID: 4243724423293762, guid: c07f24e35f07ce74ba43afa35d48adf7, type: 3}
      propertyPath: m_LocalScale.x
      value: 2.100002
      objectReference: {fileID: 0}
    - target: {fileID: 4243724423293762, guid: c07f24e35f07ce74ba43afa35d48adf7, type: 3}
      propertyPath: m_LocalScale.y
      value: 2.1
      objectReference: {fileID: 0}
    - target: {fileID: 4243724423293762, guid: c07f24e35f07ce74ba43afa35d48adf7, type: 3}
      propertyPath: m_LocalScale.z
      value: 2.100002
      objectReference: {fileID: 0}
    - target: {fileID: 4243724423293762, guid: c07f24e35f07ce74ba43afa35d48adf7, type: 3}
      propertyPath: m_LocalPosition.x
      value: 255.4
      objectReference: {fileID: 0}
    - target: {fileID: 4243724423293762, guid: c07f24e35f07ce74ba43afa35d48adf7, type: 3}
      propertyPath: m_LocalPosition.y
      value: 1.0900002
      objectReference: {fileID: 0}
    - target: {fileID: 4243724423293762, guid: c07f24e35f07ce74ba43afa35d48adf7, type: 3}
      propertyPath: m_LocalPosition.z
      value: 140
      objectReference: {fileID: 0}
    - target: {fileID: 4243724423293762, guid: c07f24e35f07ce74ba43afa35d48adf7, type: 3}
      propertyPath: m_LocalRotation.w
      value: 0.15696682
      objectReference: {fileID: 0}
    - target: {fileID: 4243724423293762, guid: c07f24e35f07ce74ba43afa35d48adf7, type: 3}
      propertyPath: m_LocalRotation.x
      value: -0
      objectReference: {fileID: 0}
    - target: {fileID: 4243724423293762, guid: c07f24e35f07ce74ba43afa35d48adf7, type: 3}
      propertyPath: m_LocalRotation.y
      value: 0.9876039
      objectReference: {fileID: 0}
    - target: {fileID: 4243724423293762, guid: c07f24e35f07ce74ba43afa35d48adf7, type: 3}
      propertyPath: m_LocalRotation.z
      value: -0
      objectReference: {fileID: 0}
    - target: {fileID: 4243724423293762, guid: c07f24e35f07ce74ba43afa35d48adf7, type: 3}
      propertyPath: m_LocalEulerAnglesHint.y
      value: 161.938
      objectReference: {fileID: 0}
    m_RemovedComponents: []
  m_SourcePrefab: {fileID: 100100000, guid: c07f24e35f07ce74ba43afa35d48adf7, type: 3}
--- !u!4 &3119661358303198930 stripped
Transform:
  m_CorrespondingSourceObject: {fileID: 4243724423293762, guid: c07f24e35f07ce74ba43afa35d48adf7, type: 3}
  m_PrefabInstance: {fileID: 3117705761290638736}
  m_PrefabAsset: {fileID: 0}
--- !u!1001 &3117705761906846511
PrefabInstance:
  m_ObjectHideFlags: 0
  serializedVersion: 2
  m_Modification:
    m_TransformParent: {fileID: 3117705762405442259}
    m_Modifications:
    - target: {fileID: 1562119382739742, guid: c07f24e35f07ce74ba43afa35d48adf7, type: 3}
      propertyPath: m_Name
      value: Rock1 (8)
      objectReference: {fileID: 0}
    - target: {fileID: 4243724423293762, guid: c07f24e35f07ce74ba43afa35d48adf7, type: 3}
      propertyPath: m_RootOrder
      value: 8
      objectReference: {fileID: 0}
    - target: {fileID: 4243724423293762, guid: c07f24e35f07ce74ba43afa35d48adf7, type: 3}
      propertyPath: m_LocalScale.x
      value: 2.100002
      objectReference: {fileID: 0}
    - target: {fileID: 4243724423293762, guid: c07f24e35f07ce74ba43afa35d48adf7, type: 3}
      propertyPath: m_LocalScale.y
      value: 2.1
      objectReference: {fileID: 0}
    - target: {fileID: 4243724423293762, guid: c07f24e35f07ce74ba43afa35d48adf7, type: 3}
      propertyPath: m_LocalScale.z
      value: 2.100002
      objectReference: {fileID: 0}
    - target: {fileID: 4243724423293762, guid: c07f24e35f07ce74ba43afa35d48adf7, type: 3}
      propertyPath: m_LocalPosition.x
      value: 366.46
      objectReference: {fileID: 0}
    - target: {fileID: 4243724423293762, guid: c07f24e35f07ce74ba43afa35d48adf7, type: 3}
      propertyPath: m_LocalPosition.y
      value: 1.6500001
      objectReference: {fileID: 0}
    - target: {fileID: 4243724423293762, guid: c07f24e35f07ce74ba43afa35d48adf7, type: 3}
      propertyPath: m_LocalPosition.z
      value: 264.36
      objectReference: {fileID: 0}
    - target: {fileID: 4243724423293762, guid: c07f24e35f07ce74ba43afa35d48adf7, type: 3}
      propertyPath: m_LocalRotation.w
      value: 0.15696682
      objectReference: {fileID: 0}
    - target: {fileID: 4243724423293762, guid: c07f24e35f07ce74ba43afa35d48adf7, type: 3}
      propertyPath: m_LocalRotation.x
      value: -0
      objectReference: {fileID: 0}
    - target: {fileID: 4243724423293762, guid: c07f24e35f07ce74ba43afa35d48adf7, type: 3}
      propertyPath: m_LocalRotation.y
      value: 0.9876039
      objectReference: {fileID: 0}
    - target: {fileID: 4243724423293762, guid: c07f24e35f07ce74ba43afa35d48adf7, type: 3}
      propertyPath: m_LocalRotation.z
      value: -0
      objectReference: {fileID: 0}
    - target: {fileID: 4243724423293762, guid: c07f24e35f07ce74ba43afa35d48adf7, type: 3}
      propertyPath: m_LocalEulerAnglesHint.y
      value: 161.938
      objectReference: {fileID: 0}
    m_RemovedComponents: []
  m_SourcePrefab: {fileID: 100100000, guid: c07f24e35f07ce74ba43afa35d48adf7, type: 3}
--- !u!4 &3119661359531491437 stripped
Transform:
  m_CorrespondingSourceObject: {fileID: 4243724423293762, guid: c07f24e35f07ce74ba43afa35d48adf7, type: 3}
  m_PrefabInstance: {fileID: 3117705761906846511}
  m_PrefabAsset: {fileID: 0}
--- !u!1001 &3117705761964060988
PrefabInstance:
  m_ObjectHideFlags: 0
  serializedVersion: 2
  m_Modification:
    m_TransformParent: {fileID: 3117705762405442259}
    m_Modifications:
    - target: {fileID: 1562119382739742, guid: c07f24e35f07ce74ba43afa35d48adf7, type: 3}
      propertyPath: m_Name
      value: Rock1 (5)
      objectReference: {fileID: 0}
    - target: {fileID: 4243724423293762, guid: c07f24e35f07ce74ba43afa35d48adf7, type: 3}
      propertyPath: m_RootOrder
      value: 5
      objectReference: {fileID: 0}
    - target: {fileID: 4243724423293762, guid: c07f24e35f07ce74ba43afa35d48adf7, type: 3}
      propertyPath: m_LocalScale.x
      value: 2.100002
      objectReference: {fileID: 0}
    - target: {fileID: 4243724423293762, guid: c07f24e35f07ce74ba43afa35d48adf7, type: 3}
      propertyPath: m_LocalScale.y
      value: 2.1
      objectReference: {fileID: 0}
    - target: {fileID: 4243724423293762, guid: c07f24e35f07ce74ba43afa35d48adf7, type: 3}
      propertyPath: m_LocalScale.z
      value: 2.100002
      objectReference: {fileID: 0}
    - target: {fileID: 4243724423293762, guid: c07f24e35f07ce74ba43afa35d48adf7, type: 3}
      propertyPath: m_LocalPosition.x
      value: 320.38
      objectReference: {fileID: 0}
    - target: {fileID: 4243724423293762, guid: c07f24e35f07ce74ba43afa35d48adf7, type: 3}
      propertyPath: m_LocalPosition.y
      value: 0.8499999
      objectReference: {fileID: 0}
    - target: {fileID: 4243724423293762, guid: c07f24e35f07ce74ba43afa35d48adf7, type: 3}
      propertyPath: m_LocalPosition.z
      value: 225.3
      objectReference: {fileID: 0}
    - target: {fileID: 4243724423293762, guid: c07f24e35f07ce74ba43afa35d48adf7, type: 3}
      propertyPath: m_LocalRotation.w
      value: 0.15696682
      objectReference: {fileID: 0}
    - target: {fileID: 4243724423293762, guid: c07f24e35f07ce74ba43afa35d48adf7, type: 3}
      propertyPath: m_LocalRotation.x
      value: -0
      objectReference: {fileID: 0}
    - target: {fileID: 4243724423293762, guid: c07f24e35f07ce74ba43afa35d48adf7, type: 3}
      propertyPath: m_LocalRotation.y
      value: 0.9876039
      objectReference: {fileID: 0}
    - target: {fileID: 4243724423293762, guid: c07f24e35f07ce74ba43afa35d48adf7, type: 3}
      propertyPath: m_LocalRotation.z
      value: -0
      objectReference: {fileID: 0}
    - target: {fileID: 4243724423293762, guid: c07f24e35f07ce74ba43afa35d48adf7, type: 3}
      propertyPath: m_LocalEulerAnglesHint.y
      value: 161.938
      objectReference: {fileID: 0}
    m_RemovedComponents: []
  m_SourcePrefab: {fileID: 100100000, guid: c07f24e35f07ce74ba43afa35d48adf7, type: 3}
--- !u!4 &3119661359739443838 stripped
Transform:
  m_CorrespondingSourceObject: {fileID: 4243724423293762, guid: c07f24e35f07ce74ba43afa35d48adf7, type: 3}
  m_PrefabInstance: {fileID: 3117705761964060988}
  m_PrefabAsset: {fileID: 0}
--- !u!1001 &3117705762113708262
PrefabInstance:
  m_ObjectHideFlags: 0
  serializedVersion: 2
  m_Modification:
    m_TransformParent: {fileID: 3117705762405442259}
    m_Modifications:
    - target: {fileID: 1562119382739742, guid: c07f24e35f07ce74ba43afa35d48adf7, type: 3}
      propertyPath: m_Name
      value: Rock1 (6)
      objectReference: {fileID: 0}
    - target: {fileID: 4243724423293762, guid: c07f24e35f07ce74ba43afa35d48adf7, type: 3}
      propertyPath: m_RootOrder
      value: 6
      objectReference: {fileID: 0}
    - target: {fileID: 4243724423293762, guid: c07f24e35f07ce74ba43afa35d48adf7, type: 3}
      propertyPath: m_LocalScale.x
      value: 2.1
      objectReference: {fileID: 0}
    - target: {fileID: 4243724423293762, guid: c07f24e35f07ce74ba43afa35d48adf7, type: 3}
      propertyPath: m_LocalScale.y
      value: 2.1
      objectReference: {fileID: 0}
    - target: {fileID: 4243724423293762, guid: c07f24e35f07ce74ba43afa35d48adf7, type: 3}
      propertyPath: m_LocalScale.z
      value: 2.1
      objectReference: {fileID: 0}
    - target: {fileID: 4243724423293762, guid: c07f24e35f07ce74ba43afa35d48adf7, type: 3}
      propertyPath: m_LocalPosition.x
      value: 295.6
      objectReference: {fileID: 0}
    - target: {fileID: 4243724423293762, guid: c07f24e35f07ce74ba43afa35d48adf7, type: 3}
      propertyPath: m_LocalPosition.y
      value: 3.4700003
      objectReference: {fileID: 0}
    - target: {fileID: 4243724423293762, guid: c07f24e35f07ce74ba43afa35d48adf7, type: 3}
      propertyPath: m_LocalPosition.z
      value: 285.4
      objectReference: {fileID: 0}
    - target: {fileID: 4243724423293762, guid: c07f24e35f07ce74ba43afa35d48adf7, type: 3}
      propertyPath: m_LocalRotation.w
      value: 0.84895915
      objectReference: {fileID: 0}
    - target: {fileID: 4243724423293762, guid: c07f24e35f07ce74ba43afa35d48adf7, type: 3}
      propertyPath: m_LocalRotation.x
      value: -0
      objectReference: {fileID: 0}
    - target: {fileID: 4243724423293762, guid: c07f24e35f07ce74ba43afa35d48adf7, type: 3}
      propertyPath: m_LocalRotation.y
      value: 0.5284585
      objectReference: {fileID: 0}
    - target: {fileID: 4243724423293762, guid: c07f24e35f07ce74ba43afa35d48adf7, type: 3}
      propertyPath: m_LocalRotation.z
      value: -0
      objectReference: {fileID: 0}
    - target: {fileID: 4243724423293762, guid: c07f24e35f07ce74ba43afa35d48adf7, type: 3}
      propertyPath: m_LocalEulerAnglesHint.y
      value: 63.803
      objectReference: {fileID: 0}
    m_RemovedComponents: []
  m_SourcePrefab: {fileID: 100100000, guid: c07f24e35f07ce74ba43afa35d48adf7, type: 3}
--- !u!4 &3119661359327841188 stripped
Transform:
  m_CorrespondingSourceObject: {fileID: 4243724423293762, guid: c07f24e35f07ce74ba43afa35d48adf7, type: 3}
  m_PrefabInstance: {fileID: 3117705762113708262}
  m_PrefabAsset: {fileID: 0}
--- !u!1001 &3117705762325442256
PrefabInstance:
  m_ObjectHideFlags: 0
  serializedVersion: 2
  m_Modification:
    m_TransformParent: {fileID: 3117705762405442259}
    m_Modifications:
    - target: {fileID: 4243724423293762, guid: c07f24e35f07ce74ba43afa35d48adf7, type: 3}
      propertyPath: m_RootOrder
      value: 0
      objectReference: {fileID: 0}
    - target: {fileID: 4243724423293762, guid: c07f24e35f07ce74ba43afa35d48adf7, type: 3}
      propertyPath: m_LocalScale.x
      value: 2.1
      objectReference: {fileID: 0}
    - target: {fileID: 4243724423293762, guid: c07f24e35f07ce74ba43afa35d48adf7, type: 3}
      propertyPath: m_LocalScale.y
      value: 2.1
      objectReference: {fileID: 0}
    - target: {fileID: 4243724423293762, guid: c07f24e35f07ce74ba43afa35d48adf7, type: 3}
      propertyPath: m_LocalScale.z
      value: 2.1
      objectReference: {fileID: 0}
    - target: {fileID: 4243724423293762, guid: c07f24e35f07ce74ba43afa35d48adf7, type: 3}
      propertyPath: m_LocalPosition.x
      value: 282.21
      objectReference: {fileID: 0}
    - target: {fileID: 4243724423293762, guid: c07f24e35f07ce74ba43afa35d48adf7, type: 3}
      propertyPath: m_LocalPosition.y
      value: 1.1199999
      objectReference: {fileID: 0}
    - target: {fileID: 4243724423293762, guid: c07f24e35f07ce74ba43afa35d48adf7, type: 3}
      propertyPath: m_LocalPosition.z
      value: 232.69
      objectReference: {fileID: 0}
    - target: {fileID: 4243724423293762, guid: c07f24e35f07ce74ba43afa35d48adf7, type: 3}
      propertyPath: m_LocalRotation.w
      value: 0.84895915
      objectReference: {fileID: 0}
    - target: {fileID: 4243724423293762, guid: c07f24e35f07ce74ba43afa35d48adf7, type: 3}
      propertyPath: m_LocalRotation.x
      value: -0
      objectReference: {fileID: 0}
    - target: {fileID: 4243724423293762, guid: c07f24e35f07ce74ba43afa35d48adf7, type: 3}
      propertyPath: m_LocalRotation.y
      value: 0.5284585
      objectReference: {fileID: 0}
    - target: {fileID: 4243724423293762, guid: c07f24e35f07ce74ba43afa35d48adf7, type: 3}
      propertyPath: m_LocalRotation.z
      value: -0
      objectReference: {fileID: 0}
    - target: {fileID: 4243724423293762, guid: c07f24e35f07ce74ba43afa35d48adf7, type: 3}
      propertyPath: m_LocalEulerAnglesHint.y
      value: 63.803
      objectReference: {fileID: 0}
    m_RemovedComponents: []
  m_SourcePrefab: {fileID: 100100000, guid: c07f24e35f07ce74ba43afa35d48adf7, type: 3}
--- !u!4 &3119661359413773714 stripped
Transform:
  m_CorrespondingSourceObject: {fileID: 4243724423293762, guid: c07f24e35f07ce74ba43afa35d48adf7, type: 3}
  m_PrefabInstance: {fileID: 3117705762325442256}
  m_PrefabAsset: {fileID: 0}
--- !u!1001 &3117705762463441241
PrefabInstance:
  m_ObjectHideFlags: 0
  serializedVersion: 2
  m_Modification:
    m_TransformParent: {fileID: 3117705762405442259}
    m_Modifications:
    - target: {fileID: 1562119382739742, guid: c07f24e35f07ce74ba43afa35d48adf7, type: 3}
      propertyPath: m_Name
      value: Rock1 (3)
      objectReference: {fileID: 0}
    - target: {fileID: 4243724423293762, guid: c07f24e35f07ce74ba43afa35d48adf7, type: 3}
      propertyPath: m_RootOrder
      value: 3
      objectReference: {fileID: 0}
    - target: {fileID: 4243724423293762, guid: c07f24e35f07ce74ba43afa35d48adf7, type: 3}
      propertyPath: m_LocalPosition.x
      value: 208.46
      objectReference: {fileID: 0}
    - target: {fileID: 4243724423293762, guid: c07f24e35f07ce74ba43afa35d48adf7, type: 3}
      propertyPath: m_LocalPosition.y
      value: 3.3400002
      objectReference: {fileID: 0}
    - target: {fileID: 4243724423293762, guid: c07f24e35f07ce74ba43afa35d48adf7, type: 3}
      propertyPath: m_LocalPosition.z
      value: 210.62
      objectReference: {fileID: 0}
    - target: {fileID: 4243724423293762, guid: c07f24e35f07ce74ba43afa35d48adf7, type: 3}
      propertyPath: m_LocalRotation.w
      value: -0.93496615
      objectReference: {fileID: 0}
    - target: {fileID: 4243724423293762, guid: c07f24e35f07ce74ba43afa35d48adf7, type: 3}
      propertyPath: m_LocalRotation.x
      value: -0
      objectReference: {fileID: 0}
    - target: {fileID: 4243724423293762, guid: c07f24e35f07ce74ba43afa35d48adf7, type: 3}
      propertyPath: m_LocalRotation.y
      value: 0.35473704
      objectReference: {fileID: 0}
    - target: {fileID: 4243724423293762, guid: c07f24e35f07ce74ba43afa35d48adf7, type: 3}
      propertyPath: m_LocalRotation.z
      value: -0
      objectReference: {fileID: 0}
    - target: {fileID: 4243724423293762, guid: c07f24e35f07ce74ba43afa35d48adf7, type: 3}
      propertyPath: m_LocalEulerAnglesHint.y
      value: 318.445
      objectReference: {fileID: 0}
    m_RemovedComponents: []
  m_SourcePrefab: {fileID: 100100000, guid: c07f24e35f07ce74ba43afa35d48adf7, type: 3}
--- !u!4 &3119661360079964699 stripped
Transform:
  m_CorrespondingSourceObject: {fileID: 4243724423293762, guid: c07f24e35f07ce74ba43afa35d48adf7, type: 3}
  m_PrefabInstance: {fileID: 3117705762463441241}
  m_PrefabAsset: {fileID: 0}
--- !u!1001 &3117705762507222334
PrefabInstance:
  m_ObjectHideFlags: 0
  serializedVersion: 2
  m_Modification:
    m_TransformParent: {fileID: 3117705762405442259}
    m_Modifications:
    - target: {fileID: 1562119382739742, guid: c07f24e35f07ce74ba43afa35d48adf7, type: 3}
      propertyPath: m_Name
      value: Rock1 (1)
      objectReference: {fileID: 0}
    - target: {fileID: 4243724423293762, guid: c07f24e35f07ce74ba43afa35d48adf7, type: 3}
      propertyPath: m_RootOrder
      value: 1
      objectReference: {fileID: 0}
    - target: {fileID: 4243724423293762, guid: c07f24e35f07ce74ba43afa35d48adf7, type: 3}
      propertyPath: m_LocalPosition.x
      value: 234.73
      objectReference: {fileID: 0}
    - target: {fileID: 4243724423293762, guid: c07f24e35f07ce74ba43afa35d48adf7, type: 3}
      propertyPath: m_LocalPosition.y
      value: 1.4099998
      objectReference: {fileID: 0}
    - target: {fileID: 4243724423293762, guid: c07f24e35f07ce74ba43afa35d48adf7, type: 3}
      propertyPath: m_LocalPosition.z
      value: 200.3
      objectReference: {fileID: 0}
    - target: {fileID: 4243724423293762, guid: c07f24e35f07ce74ba43afa35d48adf7, type: 3}
      propertyPath: m_LocalRotation.w
      value: 0.7818524
      objectReference: {fileID: 0}
    - target: {fileID: 4243724423293762, guid: c07f24e35f07ce74ba43afa35d48adf7, type: 3}
      propertyPath: m_LocalRotation.x
      value: -0
      objectReference: {fileID: 0}
    - target: {fileID: 4243724423293762, guid: c07f24e35f07ce74ba43afa35d48adf7, type: 3}
      propertyPath: m_LocalRotation.y
      value: 0.6234636
      objectReference: {fileID: 0}
    - target: {fileID: 4243724423293762, guid: c07f24e35f07ce74ba43afa35d48adf7, type: 3}
      propertyPath: m_LocalRotation.z
      value: -0
      objectReference: {fileID: 0}
    - target: {fileID: 4243724423293762, guid: c07f24e35f07ce74ba43afa35d48adf7, type: 3}
      propertyPath: m_LocalEulerAnglesHint.y
      value: 77.139
      objectReference: {fileID: 0}
    m_RemovedComponents: []
  m_SourcePrefab: {fileID: 100100000, guid: c07f24e35f07ce74ba43afa35d48adf7, type: 3}
--- !u!4 &3119661360274212476 stripped
Transform:
  m_CorrespondingSourceObject: {fileID: 4243724423293762, guid: c07f24e35f07ce74ba43afa35d48adf7, type: 3}
  m_PrefabInstance: {fileID: 3117705762507222334}
  m_PrefabAsset: {fileID: 0}
--- !u!1001 &3117705762682919831
PrefabInstance:
  m_ObjectHideFlags: 0
  serializedVersion: 2
  m_Modification:
    m_TransformParent: {fileID: 3117705762405442259}
    m_Modifications:
    - target: {fileID: 1562119382739742, guid: c07f24e35f07ce74ba43afa35d48adf7, type: 3}
      propertyPath: m_Name
      value: Rock1 (4)
      objectReference: {fileID: 0}
    - target: {fileID: 4243724423293762, guid: c07f24e35f07ce74ba43afa35d48adf7, type: 3}
      propertyPath: m_RootOrder
      value: 4
      objectReference: {fileID: 0}
    - target: {fileID: 4243724423293762, guid: c07f24e35f07ce74ba43afa35d48adf7, type: 3}
      propertyPath: m_LocalPosition.x
      value: 227.62
      objectReference: {fileID: 0}
    - target: {fileID: 4243724423293762, guid: c07f24e35f07ce74ba43afa35d48adf7, type: 3}
      propertyPath: m_LocalPosition.y
      value: 0.8699999
      objectReference: {fileID: 0}
    - target: {fileID: 4243724423293762, guid: c07f24e35f07ce74ba43afa35d48adf7, type: 3}
      propertyPath: m_LocalPosition.z
      value: 274.6
      objectReference: {fileID: 0}
    - target: {fileID: 4243724423293762, guid: c07f24e35f07ce74ba43afa35d48adf7, type: 3}
      propertyPath: m_LocalRotation.w
      value: -0.93496615
      objectReference: {fileID: 0}
    - target: {fileID: 4243724423293762, guid: c07f24e35f07ce74ba43afa35d48adf7, type: 3}
      propertyPath: m_LocalRotation.x
      value: -0
      objectReference: {fileID: 0}
    - target: {fileID: 4243724423293762, guid: c07f24e35f07ce74ba43afa35d48adf7, type: 3}
      propertyPath: m_LocalRotation.y
      value: 0.35473704
      objectReference: {fileID: 0}
    - target: {fileID: 4243724423293762, guid: c07f24e35f07ce74ba43afa35d48adf7, type: 3}
      propertyPath: m_LocalRotation.z
      value: -0
      objectReference: {fileID: 0}
    - target: {fileID: 4243724423293762, guid: c07f24e35f07ce74ba43afa35d48adf7, type: 3}
      propertyPath: m_LocalEulerAnglesHint.y
      value: 318.445
      objectReference: {fileID: 0}
    m_RemovedComponents: []
  m_SourcePrefab: {fileID: 100100000, guid: c07f24e35f07ce74ba43afa35d48adf7, type: 3}
--- !u!4 &3119661359829168341 stripped
Transform:
  m_CorrespondingSourceObject: {fileID: 4243724423293762, guid: c07f24e35f07ce74ba43afa35d48adf7, type: 3}
  m_PrefabInstance: {fileID: 3117705762682919831}
  m_PrefabAsset: {fileID: 0}
--- !u!1001 &3117705762846276507
PrefabInstance:
  m_ObjectHideFlags: 0
  serializedVersion: 2
  m_Modification:
    m_TransformParent: {fileID: 3117705762405442259}
    m_Modifications:
    - target: {fileID: 1562119382739742, guid: c07f24e35f07ce74ba43afa35d48adf7, type: 3}
      propertyPath: m_Name
      value: Rock1 (2)
      objectReference: {fileID: 0}
    - target: {fileID: 4243724423293762, guid: c07f24e35f07ce74ba43afa35d48adf7, type: 3}
      propertyPath: m_RootOrder
      value: 2
      objectReference: {fileID: 0}
    - target: {fileID: 4243724423293762, guid: c07f24e35f07ce74ba43afa35d48adf7, type: 3}
      propertyPath: m_LocalScale.x
      value: 1
      objectReference: {fileID: 0}
    - target: {fileID: 4243724423293762, guid: c07f24e35f07ce74ba43afa35d48adf7, type: 3}
      propertyPath: m_LocalScale.z
      value: 1
      objectReference: {fileID: 0}
    - target: {fileID: 4243724423293762, guid: c07f24e35f07ce74ba43afa35d48adf7, type: 3}
      propertyPath: m_LocalPosition.x
      value: 204.2
      objectReference: {fileID: 0}
    - target: {fileID: 4243724423293762, guid: c07f24e35f07ce74ba43afa35d48adf7, type: 3}
      propertyPath: m_LocalPosition.y
      value: 2.2399998
      objectReference: {fileID: 0}
    - target: {fileID: 4243724423293762, guid: c07f24e35f07ce74ba43afa35d48adf7, type: 3}
      propertyPath: m_LocalPosition.z
      value: 208.63
      objectReference: {fileID: 0}
    - target: {fileID: 4243724423293762, guid: c07f24e35f07ce74ba43afa35d48adf7, type: 3}
      propertyPath: m_LocalRotation.w
      value: -0.48186347
      objectReference: {fileID: 0}
    - target: {fileID: 4243724423293762, guid: c07f24e35f07ce74ba43afa35d48adf7, type: 3}
      propertyPath: m_LocalRotation.x
      value: -0
      objectReference: {fileID: 0}
    - target: {fileID: 4243724423293762, guid: c07f24e35f07ce74ba43afa35d48adf7, type: 3}
      propertyPath: m_LocalRotation.y
      value: 0.8762464
      objectReference: {fileID: 0}
    - target: {fileID: 4243724423293762, guid: c07f24e35f07ce74ba43afa35d48adf7, type: 3}
      propertyPath: m_LocalRotation.z
      value: -0
      objectReference: {fileID: 0}
    - target: {fileID: 4243724423293762, guid: c07f24e35f07ce74ba43afa35d48adf7, type: 3}
      propertyPath: m_LocalEulerAnglesHint.y
      value: 237.61398
      objectReference: {fileID: 0}
    m_RemovedComponents: []
  m_SourcePrefab: {fileID: 100100000, guid: c07f24e35f07ce74ba43afa35d48adf7, type: 3}
--- !u!4 &3119661359934312665 stripped
Transform:
  m_CorrespondingSourceObject: {fileID: 4243724423293762, guid: c07f24e35f07ce74ba43afa35d48adf7, type: 3}
  m_PrefabInstance: {fileID: 3117705762846276507}
  m_PrefabAsset: {fileID: 0}
--- !u!1001 &3117705762870137561
PrefabInstance:
  m_ObjectHideFlags: 0
  serializedVersion: 2
  m_Modification:
    m_TransformParent: {fileID: 3117705762405442259}
    m_Modifications:
    - target: {fileID: 1562119382739742, guid: c07f24e35f07ce74ba43afa35d48adf7, type: 3}
      propertyPath: m_Name
      value: Rock1 (9)
      objectReference: {fileID: 0}
    - target: {fileID: 4243724423293762, guid: c07f24e35f07ce74ba43afa35d48adf7, type: 3}
      propertyPath: m_RootOrder
      value: 9
      objectReference: {fileID: 0}
    - target: {fileID: 4243724423293762, guid: c07f24e35f07ce74ba43afa35d48adf7, type: 3}
      propertyPath: m_LocalPosition.x
      value: 354
      objectReference: {fileID: 0}
    - target: {fileID: 4243724423293762, guid: c07f24e35f07ce74ba43afa35d48adf7, type: 3}
      propertyPath: m_LocalPosition.y
      value: 1.5299997
      objectReference: {fileID: 0}
    - target: {fileID: 4243724423293762, guid: c07f24e35f07ce74ba43afa35d48adf7, type: 3}
      propertyPath: m_LocalPosition.z
      value: 254.08
      objectReference: {fileID: 0}
    - target: {fileID: 4243724423293762, guid: c07f24e35f07ce74ba43afa35d48adf7, type: 3}
      propertyPath: m_LocalRotation.w
      value: -0.93496615
      objectReference: {fileID: 0}
    - target: {fileID: 4243724423293762, guid: c07f24e35f07ce74ba43afa35d48adf7, type: 3}
      propertyPath: m_LocalRotation.x
      value: -0
      objectReference: {fileID: 0}
    - target: {fileID: 4243724423293762, guid: c07f24e35f07ce74ba43afa35d48adf7, type: 3}
      propertyPath: m_LocalRotation.y
      value: 0.35473704
      objectReference: {fileID: 0}
    - target: {fileID: 4243724423293762, guid: c07f24e35f07ce74ba43afa35d48adf7, type: 3}
      propertyPath: m_LocalRotation.z
      value: -0
      objectReference: {fileID: 0}
    - target: {fileID: 4243724423293762, guid: c07f24e35f07ce74ba43afa35d48adf7, type: 3}
      propertyPath: m_LocalEulerAnglesHint.y
      value: 318.445
      objectReference: {fileID: 0}
    m_RemovedComponents: []
  m_SourcePrefab: {fileID: 100100000, guid: c07f24e35f07ce74ba43afa35d48adf7, type: 3}
--- !u!4 &3119661359908157851 stripped
Transform:
  m_CorrespondingSourceObject: {fileID: 4243724423293762, guid: c07f24e35f07ce74ba43afa35d48adf7, type: 3}
  m_PrefabInstance: {fileID: 3117705762870137561}
  m_PrefabAsset: {fileID: 0}
