%YAML 1.1
%TAG !u! tag:unity3d.com,2011:
--- !u!1 &7807811665044051095
GameObject:
  m_ObjectHideFlags: 0
  m_CorrespondingSourceObject: {fileID: 0}
  m_PrefabInstance: {fileID: 0}
  m_PrefabAsset: {fileID: 0}
  serializedVersion: 6
  m_Component:
  - component: {fileID: 7807811665044051092}
  m_Layer: 0
  m_Name: spine3
  m_TagString: Untagged
  m_Icon: {fileID: 0}
  m_NavMeshLayer: 0
  m_StaticEditorFlags: 0
  m_IsActive: 1
--- !u!4 &7807811665044051092
Transform:
  m_ObjectHideFlags: 0
  m_CorrespondingSourceObject: {fileID: 0}
  m_PrefabInstance: {fileID: 0}
  m_PrefabAsset: {fileID: 0}
  m_GameObject: {fileID: 7807811665044051095}
  m_LocalRotation: {x: -0.000020267838, y: -0.21627748, z: 0.000004725027, w: 0.97633195}
  m_LocalPosition: {x: -0.002399301, y: 1.8112033e-10, z: 7.1479006e-10}
  m_LocalScale: {x: 1.0000001, y: 1, z: 1}
  m_ConstrainProportionsScale: 0
  m_Children:
  - {fileID: 7807811666481398567}
  - {fileID: 7807811666962247458}
  - {fileID: 7807811666809323250}
  m_Father: {fileID: 7807811666409540455}
  m_RootOrder: 0
  m_LocalEulerAnglesHint: {x: 0, y: 0, z: 0}
--- !u!1 &7807811665127307431
GameObject:
  m_ObjectHideFlags: 0
  m_CorrespondingSourceObject: {fileID: 0}
  m_PrefabInstance: {fileID: 0}
  m_PrefabAsset: {fileID: 0}
  serializedVersion: 6
  m_Component:
  - component: {fileID: 7807811665127307428}
  m_Layer: 0
  m_Name: leg_handle_R
  m_TagString: Untagged
  m_Icon: {fileID: 0}
  m_NavMeshLayer: 0
  m_StaticEditorFlags: 0
  m_IsActive: 1
--- !u!4 &7807811665127307428
Transform:
  m_ObjectHideFlags: 0
  m_CorrespondingSourceObject: {fileID: 0}
  m_PrefabInstance: {fileID: 0}
  m_PrefabAsset: {fileID: 0}
  m_GameObject: {fileID: 7807811665127307431}
  m_LocalRotation: {x: -0.000000108205526, y: 0.97699004, z: 0.0000008272352, w: -0.213285}
  m_LocalPosition: {x: 0.007783895, y: 0.0026492565, z: -0.0013991697}
  m_LocalScale: {x: 1, y: 1, z: 0.9999994}
  m_ConstrainProportionsScale: 0
  m_Children:
  - {fileID: 7807811666667681824}
  m_Father: {fileID: 7807811666911539969}
  m_RootOrder: 3
  m_LocalEulerAnglesHint: {x: 0, y: 0, z: 0}
--- !u!1 &7807811665134263323
GameObject:
  m_ObjectHideFlags: 0
  m_CorrespondingSourceObject: {fileID: 0}
  m_PrefabInstance: {fileID: 0}
  m_PrefabAsset: {fileID: 0}
  serializedVersion: 6
  m_Component:
  - component: {fileID: 7807811665134263320}
  m_Layer: 0
  m_Name: arm_L
  m_TagString: Untagged
  m_Icon: {fileID: 0}
  m_NavMeshLayer: 0
  m_StaticEditorFlags: 0
  m_IsActive: 1
--- !u!4 &7807811665134263320
Transform:
  m_ObjectHideFlags: 0
  m_CorrespondingSourceObject: {fileID: 0}
  m_PrefabInstance: {fileID: 0}
  m_PrefabAsset: {fileID: 0}
  m_GameObject: {fileID: 7807811665134263323}
  m_LocalRotation: {x: -0.6960966, y: -0.3385657, z: 0.043904938, w: 0.6315815}
  m_LocalPosition: {x: -0.0059039816, y: 3.213063e-10, z: -7.4505804e-11}
  m_LocalScale: {x: 1.0000001, y: 0.99999994, z: 1}
  m_ConstrainProportionsScale: 0
  m_Children: []
  m_Father: {fileID: 7807811666962247458}
  m_RootOrder: 0
  m_LocalEulerAnglesHint: {x: 0, y: 0, z: 0}
--- !u!1 &7807811665214762875
GameObject:
  m_ObjectHideFlags: 0
  m_CorrespondingSourceObject: {fileID: 0}
  m_PrefabInstance: {fileID: 0}
  m_PrefabAsset: {fileID: 0}
  serializedVersion: 6
  m_Component:
  - component: {fileID: 7807811665214762872}
  m_Layer: 0
  m_Name: leg_handle_L
  m_TagString: Untagged
  m_Icon: {fileID: 0}
  m_NavMeshLayer: 0
  m_StaticEditorFlags: 0
  m_IsActive: 1
--- !u!4 &7807811665214762872
Transform:
  m_ObjectHideFlags: 0
  m_CorrespondingSourceObject: {fileID: 0}
  m_PrefabInstance: {fileID: 0}
  m_PrefabAsset: {fileID: 0}
  m_GameObject: {fileID: 7807811665214762875}
  m_LocalRotation: {x: -0.00000015905701, y: 0.97699004, z: 0.00000059430306, w: -0.21328488}
  m_LocalPosition: {x: 0.0077838944, y: -0.0026492542, z: -0.0013991772}
  m_LocalScale: {x: 1, y: 1, z: 0.99999946}
  m_ConstrainProportionsScale: 0
  m_Children:
  - {fileID: 7807811666781414916}
  m_Father: {fileID: 7807811666911539969}
  m_RootOrder: 2
  m_LocalEulerAnglesHint: {x: 0, y: 0, z: 0}
--- !u!1 &7807811665270071152
GameObject:
  m_ObjectHideFlags: 0
  m_CorrespondingSourceObject: {fileID: 0}
  m_PrefabInstance: {fileID: 0}
  m_PrefabAsset: {fileID: 0}
  serializedVersion: 6
  m_Component:
  - component: {fileID: 7807811665270071153}
  m_Layer: 0
  m_Name: ear_L
  m_TagString: Untagged
  m_Icon: {fileID: 0}
  m_NavMeshLayer: 0
  m_StaticEditorFlags: 0
  m_IsActive: 1
--- !u!4 &7807811665270071153
Transform:
  m_ObjectHideFlags: 0
  m_CorrespondingSourceObject: {fileID: 0}
  m_PrefabInstance: {fileID: 0}
  m_PrefabAsset: {fileID: 0}
  m_GameObject: {fileID: 7807811665270071152}
  m_LocalRotation: {x: 0.5086804, y: 0.13386469, z: -0.68278766, w: 0.5070755}
  m_LocalPosition: {x: -0.002273294, y: 0.0019935132, z: 0.0015177808}
  m_LocalScale: {x: 0.9999997, y: 0.9999998, z: 0.9999999}
  m_ConstrainProportionsScale: 0
  m_Children: []
  m_Father: {fileID: 7807811665424869697}
  m_RootOrder: 0
  m_LocalEulerAnglesHint: {x: 0, y: 0, z: 0}
--- !u!1 &7807811665423445946
GameObject:
  m_ObjectHideFlags: 0
  m_CorrespondingSourceObject: {fileID: 0}
  m_PrefabInstance: {fileID: 0}
  m_PrefabAsset: {fileID: 0}
  serializedVersion: 6
  m_Component:
  - component: {fileID: 7807811665423445947}
  m_Layer: 0
  m_Name: arm_handle_R
  m_TagString: Untagged
  m_Icon: {fileID: 0}
  m_NavMeshLayer: 0
  m_StaticEditorFlags: 0
  m_IsActive: 1
--- !u!4 &7807811665423445947
Transform:
  m_ObjectHideFlags: 0
  m_CorrespondingSourceObject: {fileID: 0}
  m_PrefabInstance: {fileID: 0}
  m_PrefabAsset: {fileID: 0}
  m_GameObject: {fileID: 7807811665423445946}
  m_LocalRotation: {x: -0.00000007292196, y: 0.9697499, z: 0.0000006864557, w: -0.24410059}
  m_LocalPosition: {x: 0.007937746, y: 0.0024554008, z: 0.004366628}
  m_LocalScale: {x: 1, y: 1, z: 0.99999976}
  m_ConstrainProportionsScale: 0
  m_Children:
  - {fileID: 7807811666392311607}
  m_Father: {fileID: 7807811666911539969}
  m_RootOrder: 1
  m_LocalEulerAnglesHint: {x: 0, y: 0, z: 0}
--- !u!1 &7807811665424869696
GameObject:
  m_ObjectHideFlags: 0
  m_CorrespondingSourceObject: {fileID: 0}
  m_PrefabInstance: {fileID: 0}
  m_PrefabAsset: {fileID: 0}
  serializedVersion: 6
  m_Component:
  - component: {fileID: 7807811665424869697}
  m_Layer: 0
  m_Name: head
  m_TagString: Untagged
  m_Icon: {fileID: 0}
  m_NavMeshLayer: 0
  m_StaticEditorFlags: 0
  m_IsActive: 1
--- !u!4 &7807811665424869697
Transform:
  m_ObjectHideFlags: 0
  m_CorrespondingSourceObject: {fileID: 0}
  m_PrefabInstance: {fileID: 0}
  m_PrefabAsset: {fileID: 0}
  m_GameObject: {fileID: 7807811665424869696}
  m_LocalRotation: {x: 0.0000000015428856, y: 0.021134162, z: -0.00000005861889, w: 0.99977666}
  m_LocalPosition: {x: -0.0019700078, y: 1.4873162e-10, z: -3.352761e-10}
  m_LocalScale: {x: 0.9999999, y: 1, z: 0.99999994}
  m_ConstrainProportionsScale: 0
  m_Children:
  - {fileID: 7807811665270071153}
  - {fileID: 7807811665600692775}
  m_Father: {fileID: 7807811666481398567}
  m_RootOrder: 0
  m_LocalEulerAnglesHint: {x: 0, y: 0, z: 0}
--- !u!1 &7807811665484204669
GameObject:
  m_ObjectHideFlags: 0
  m_CorrespondingSourceObject: {fileID: 0}
  m_PrefabInstance: {fileID: 0}
  m_PrefabAsset: {fileID: 0}
  serializedVersion: 6
  m_Component:
  - component: {fileID: 7807811665484204666}
  m_Layer: 0
  m_Name: hand_L
  m_TagString: Untagged
  m_Icon: {fileID: 0}
  m_NavMeshLayer: 0
  m_StaticEditorFlags: 0
  m_IsActive: 1
--- !u!4 &7807811665484204666
Transform:
  m_ObjectHideFlags: 0
  m_CorrespondingSourceObject: {fileID: 0}
  m_PrefabInstance: {fileID: 0}
  m_PrefabAsset: {fileID: 0}
  m_GameObject: {fileID: 7807811665484204669}
  m_LocalRotation: {x: 0.7195883, y: 0.08452038, z: 0.68453234, w: 0.08040307}
  m_LocalPosition: {x: -9.255362e-10, y: -3.115808e-10, z: -5.96045e-10}
  m_LocalScale: {x: 1.0000001, y: 0.99999994, z: 1}
  m_ConstrainProportionsScale: 0
  m_Children: []
  m_Father: {fileID: 7807811666348691493}
  m_RootOrder: 0
  m_LocalEulerAnglesHint: {x: 0, y: 0, z: 0}
--- !u!1 &7807811665600692774
GameObject:
  m_ObjectHideFlags: 0
  m_CorrespondingSourceObject: {fileID: 0}
  m_PrefabInstance: {fileID: 0}
  m_PrefabAsset: {fileID: 0}
  serializedVersion: 6
  m_Component:
  - component: {fileID: 7807811665600692775}
  m_Layer: 0
  m_Name: ear_R
  m_TagString: Untagged
  m_Icon: {fileID: 0}
  m_NavMeshLayer: 0
  m_StaticEditorFlags: 0
  m_IsActive: 1
--- !u!4 &7807811665600692775
Transform:
  m_ObjectHideFlags: 0
  m_CorrespondingSourceObject: {fileID: 0}
  m_PrefabInstance: {fileID: 0}
  m_PrefabAsset: {fileID: 0}
  m_GameObject: {fileID: 7807811665600692774}
  m_LocalRotation: {x: -0.50868195, y: 0.13386652, z: 0.6827875, w: 0.5070738}
  m_LocalPosition: {x: -0.0022732944, y: -0.0019935044, z: 0.0015177919}
  m_LocalScale: {x: 0.99999994, y: 0.99999994, z: 0.9999999}
  m_ConstrainProportionsScale: 0
  m_Children: []
  m_Father: {fileID: 7807811665424869697}
  m_RootOrder: 1
  m_LocalEulerAnglesHint: {x: 0, y: 0, z: 0}
--- !u!1 &7807811665664644717
GameObject:
  m_ObjectHideFlags: 0
  m_CorrespondingSourceObject: {fileID: 0}
  m_PrefabInstance: {fileID: 0}
  m_PrefabAsset: {fileID: 0}
  serializedVersion: 6
  m_Component:
  - component: {fileID: 7807811665664644714}
  m_Layer: 0
  m_Name: arm_R
  m_TagString: Untagged
  m_Icon: {fileID: 0}
  m_NavMeshLayer: 0
  m_StaticEditorFlags: 0
  m_IsActive: 1
--- !u!4 &7807811665664644714
Transform:
  m_ObjectHideFlags: 0
  m_CorrespondingSourceObject: {fileID: 0}
  m_PrefabInstance: {fileID: 0}
  m_PrefabAsset: {fileID: 0}
  m_GameObject: {fileID: 7807811665664644717}
  m_LocalRotation: {x: 0.69609654, y: -0.33856583, z: -0.043904845, w: 0.6315815}
  m_LocalPosition: {x: -0.005903983, y: 2.7939676e-10, z: -1.2107192e-10}
  m_LocalScale: {x: 0.9999998, y: 0.99999994, z: 0.99999994}
  m_ConstrainProportionsScale: 0
  m_Children: []
  m_Father: {fileID: 7807811666809323250}
  m_RootOrder: 0
  m_LocalEulerAnglesHint: {x: 0, y: 0, z: 0}
--- !u!1 &7807811665726391071
GameObject:
  m_ObjectHideFlags: 0
  m_CorrespondingSourceObject: {fileID: 0}
  m_PrefabInstance: {fileID: 0}
  m_PrefabAsset: {fileID: 0}
  serializedVersion: 6
  m_Component:
  - component: {fileID: 7807811665726391068}
  m_Layer: 0
  m_Name: hip_L
  m_TagString: Untagged
  m_Icon: {fileID: 0}
  m_NavMeshLayer: 0
  m_StaticEditorFlags: 0
  m_IsActive: 1
--- !u!4 &7807811665726391068
Transform:
  m_ObjectHideFlags: 0
  m_CorrespondingSourceObject: {fileID: 0}
  m_PrefabInstance: {fileID: 0}
  m_PrefabAsset: {fileID: 0}
  m_GameObject: {fileID: 7807811665726391071}
  m_LocalRotation: {x: 0.51000977, y: 0.65780914, z: -0.5118658, w: 0.21253404}
  m_LocalPosition: {x: -0, y: 5.6999997e-16, z: 0}
  m_LocalScale: {x: 0.99999994, y: 1, z: 0.9999999}
  m_ConstrainProportionsScale: 0
  m_Children:
  - {fileID: 7807811666615860455}
  m_Father: {fileID: 7807811666961638985}
  m_RootOrder: 0
  m_LocalEulerAnglesHint: {x: 0, y: 0, z: 0}
--- !u!1 &7807811665877206213
GameObject:
  m_ObjectHideFlags: 0
  m_CorrespondingSourceObject: {fileID: 0}
  m_PrefabInstance: {fileID: 0}
  m_PrefabAsset: {fileID: 0}
  serializedVersion: 6
  m_Component:
  - component: {fileID: 7807811665877206210}
  - component: {fileID: 7807811665877206220}
  - component: {fileID: 7807811665877206223}
  - component: {fileID: 7807811665877206222}
  - component: {fileID: 7807811665877206209}
  - component: {fileID: 7807811665877206208}
  - component: {fileID: 7807811665877206211}
  - component: {fileID: 7807811665877206221}
  m_Layer: 0
  m_Name: Rabbit 1 Variant 1
  m_TagString: Untagged
  m_Icon: {fileID: 0}
  m_NavMeshLayer: 0
  m_StaticEditorFlags: 0
  m_IsActive: 1
--- !u!4 &7807811665877206210
Transform:
  m_ObjectHideFlags: 0
  m_CorrespondingSourceObject: {fileID: 0}
  m_PrefabInstance: {fileID: 0}
  m_PrefabAsset: {fileID: 0}
  m_GameObject: {fileID: 7807811665877206213}
  m_LocalRotation: {x: -0, y: -0, z: -0, w: 1}
  m_LocalPosition: {x: 6.4763355, y: -2.677835, z: -5.055483}
  m_LocalScale: {x: 1, y: 1, z: 1}
  m_ConstrainProportionsScale: 0
  m_Children:
  - {fileID: 7807811667115289624}
  - {fileID: 7807811665977718043}
  - {fileID: 7807811666885610410}
  m_Father: {fileID: 0}
  m_RootOrder: 0
  m_LocalEulerAnglesHint: {x: 0, y: 0, z: 0}
--- !u!95 &7807811665877206220
Animator:
  serializedVersion: 5
  m_ObjectHideFlags: 0
  m_CorrespondingSourceObject: {fileID: 0}
  m_PrefabInstance: {fileID: 0}
  m_PrefabAsset: {fileID: 0}
  m_GameObject: {fileID: 7807811665877206213}
  m_Enabled: 1
  m_Avatar: {fileID: 9000000, guid: 0962bdca27eaca34aaa15f7fdf608faf, type: 3}
  m_Controller: {fileID: 9100000, guid: 8beaedaf7a4023642b48737ef7ee04b7, type: 2}
  m_CullingMode: 1
  m_UpdateMode: 0
  m_ApplyRootMotion: 1
  m_LinearVelocityBlending: 0
  m_StabilizeFeet: 0
  m_WarningMessage: 
  m_HasTransformHierarchy: 1
  m_AllowConstantClipSamplingOptimization: 1
  m_KeepAnimatorStateOnDisable: 0
  m_WriteDefaultValuesOnDisable: 0
--- !u!54 &7807811665877206223
Rigidbody:
  m_ObjectHideFlags: 0
  m_CorrespondingSourceObject: {fileID: 0}
  m_PrefabInstance: {fileID: 0}
  m_PrefabAsset: {fileID: 0}
  m_GameObject: {fileID: 7807811665877206213}
  serializedVersion: 2
  m_Mass: 1
  m_Drag: 0
  m_AngularDrag: 0.05
  m_UseGravity: 1
  m_IsKinematic: 0
  m_Interpolate: 0
  m_Constraints: 18
  m_CollisionDetection: 0
--- !u!65 &7807811665877206222
BoxCollider:
  m_ObjectHideFlags: 0
  m_CorrespondingSourceObject: {fileID: 0}
  m_PrefabInstance: {fileID: 0}
  m_PrefabAsset: {fileID: 0}
  m_GameObject: {fileID: 7807811665877206213}
  m_Material: {fileID: 0}
  m_IsTrigger: 0
  m_Enabled: 1
  serializedVersion: 2
  m_Size: {x: 0.39942932, y: 0.42058372, z: 0.78}
  m_Center: {x: -0.0075531006, y: 0.2504279, z: 0.18}
--- !u!114 &7807811665877206209
MonoBehaviour:
  m_ObjectHideFlags: 0
  m_CorrespondingSourceObject: {fileID: 0}
  m_PrefabInstance: {fileID: 0}
  m_PrefabAsset: {fileID: 0}
  m_GameObject: {fileID: 7807811665877206213}
  m_Enabled: 1
  m_EditorHideFlags: 0
  m_Script: {fileID: 11500000, guid: 1d1e970ab3eb38840916fe887ce46f41, type: 3}
  m_Name: 
  m_EditorClassIdentifier: 
  moveSpeed: 0.2
  walkCounter: 0
  waitCounter: 0
  isWalking: 0
--- !u!114 &7807811665877206208
MonoBehaviour:
  m_ObjectHideFlags: 0
  m_CorrespondingSourceObject: {fileID: 0}
  m_PrefabInstance: {fileID: 0}
  m_PrefabAsset: {fileID: 0}
  m_GameObject: {fileID: 7807811665877206213}
  m_Enabled: 1
  m_EditorHideFlags: 0
  m_Script: {fileID: 11500000, guid: 48d69e77da8cbae439376e406a6a5aff, type: 3}
  m_Name: 
  m_EditorClassIdentifier: 
  playerInRange: 0
  ItemName: Rabbit
--- !u!114 &7807811665877206211
MonoBehaviour:
  m_ObjectHideFlags: 0
  m_CorrespondingSourceObject: {fileID: 0}
  m_PrefabInstance: {fileID: 0}
  m_PrefabAsset: {fileID: 0}
  m_GameObject: {fileID: 7807811665877206213}
  m_Enabled: 1
  m_EditorHideFlags: 0
  m_Script: {fileID: 11500000, guid: 48d69e77da8cbae439376e406a6a5aff, type: 3}
  m_Name: 
  m_EditorClassIdentifier: 
  playerInRange: 0
  ItemName: Big White Rabbit
--- !u!65 &7807811665877206221
BoxCollider:
  m_ObjectHideFlags: 0
  m_CorrespondingSourceObject: {fileID: 0}
  m_PrefabInstance: {fileID: 0}
  m_PrefabAsset: {fileID: 0}
  m_GameObject: {fileID: 7807811665877206213}
  m_Material: {fileID: 0}
  m_IsTrigger: 1
  m_Enabled: 1
  serializedVersion: 2
  m_Size: {x: 7.3460274, y: 1.1768613, z: 7.4776354}
  m_Center: {x: -0.06709862, y: 0.6250243, z: 0.19882154}
--- !u!1 &7807811665977718042
GameObject:
  m_ObjectHideFlags: 0
  m_CorrespondingSourceObject: {fileID: 0}
  m_PrefabInstance: {fileID: 0}
  m_PrefabAsset: {fileID: 0}
  serializedVersion: 6
  m_Component:
  - component: {fileID: 7807811665977718043}
  - component: {fileID: 7807811665977718040}
  m_Layer: 0
  m_Name: Rabbit
  m_TagString: Untagged
  m_Icon: {fileID: 0}
  m_NavMeshLayer: 0
  m_StaticEditorFlags: 0
  m_IsActive: 1
--- !u!4 &7807811665977718043
Transform:
  m_ObjectHideFlags: 0
  m_CorrespondingSourceObject: {fileID: 0}
  m_PrefabInstance: {fileID: 0}
  m_PrefabAsset: {fileID: 0}
  m_GameObject: {fileID: 7807811665977718042}
  m_LocalRotation: {x: 0, y: -0, z: -0, w: 1}
  m_LocalPosition: {x: -0, y: 0, z: 0}
  m_LocalScale: {x: 1, y: 1, z: 1}
  m_ConstrainProportionsScale: 0
  m_Children: []
  m_Father: {fileID: 7807811665877206210}
  m_RootOrder: 1
  m_LocalEulerAnglesHint: {x: 0, y: 0, z: 0}
--- !u!137 &7807811665977718040
SkinnedMeshRenderer:
  m_ObjectHideFlags: 0
  m_CorrespondingSourceObject: {fileID: 0}
  m_PrefabInstance: {fileID: 0}
  m_PrefabAsset: {fileID: 0}
  m_GameObject: {fileID: 7807811665977718042}
  m_Enabled: 1
  m_CastShadows: 1
  m_ReceiveShadows: 1
  m_DynamicOccludee: 1
  m_StaticShadowCaster: 0
  m_MotionVectors: 1
  m_LightProbeUsage: 1
  m_ReflectionProbeUsage: 1
  m_RayTracingMode: 3
  m_RayTraceProcedural: 0
  m_RenderingLayerMask: 1
  m_RendererPriority: 0
  m_Materials:
  - {fileID: 2100000, guid: 11f39b2ab10a2184d84e62f1906a4a05, type: 2}
  m_StaticBatchInfo:
    firstSubMesh: 0
    subMeshCount: 0
  m_StaticBatchRoot: {fileID: 0}
  m_ProbeAnchor: {fileID: 0}
  m_LightProbeVolumeOverride: {fileID: 0}
  m_ScaleInLightmap: 1
  m_ReceiveGI: 1
  m_PreserveUVs: 0
  m_IgnoreNormalsForChartDetection: 0
  m_ImportantGI: 0
  m_StitchLightmapSeams: 1
  m_SelectedEditorRenderState: 3
  m_MinimumChartSize: 4
  m_AutoUVMaxDistance: 0.5
  m_AutoUVMaxAngle: 89
  m_LightmapParameters: {fileID: 0}
  m_SortingLayerID: 0
  m_SortingLayer: 0
  m_SortingOrder: 0
  serializedVersion: 2
  m_Quality: 0
  m_UpdateWhenOffscreen: 0
  m_SkinnedMotionVectors: 1
  m_Mesh: {fileID: 4300000, guid: 0962bdca27eaca34aaa15f7fdf608faf, type: 3}
  m_Bones:
  - {fileID: 7807811666911539969}
  - {fileID: 7807811666961638985}
  - {fileID: 7807811665726391068}
  - {fileID: 7807811666615860455}
  - {fileID: 7807811666236805095}
  - {fileID: 7807811666831165242}
  - {fileID: 7807811666409540455}
  - {fileID: 7807811665044051092}
  - {fileID: 7807811666481398567}
  - {fileID: 7807811665424869697}
  - {fileID: 7807811665270071153}
  - {fileID: 7807811665600692775}
  - {fileID: 7807811666962247458}
  - {fileID: 7807811665134263320}
  - {fileID: 7807811666809323250}
  - {fileID: 7807811665664644714}
  - {fileID: 7807811665214762872}
  - {fileID: 7807811666781414916}
  - {fileID: 7807811665127307428}
  - {fileID: 7807811666667681824}
  - {fileID: 7807811666348691493}
  - {fileID: 7807811665484204666}
  - {fileID: 7807811665423445947}
  - {fileID: 7807811666392311607}
  m_BlendShapeWeights: []
  m_RootBone: {fileID: 7807811666911539969}
  m_AABB:
    m_Center: {x: 0.0022598016, y: 0.0002025587, z: 0.0031607198}
    m_Extent: {x: 0.008779211, y: 0.007644344, z: 0.010325898}
  m_DirtyAABB: 0
--- !u!1 &7807811666236805094
GameObject:
  m_ObjectHideFlags: 0
  m_CorrespondingSourceObject: {fileID: 0}
  m_PrefabInstance: {fileID: 0}
  m_PrefabAsset: {fileID: 0}
  serializedVersion: 6
  m_Component:
  - component: {fileID: 7807811666236805095}
  m_Layer: 0
  m_Name: hip_R
  m_TagString: Untagged
  m_Icon: {fileID: 0}
  m_NavMeshLayer: 0
  m_StaticEditorFlags: 0
  m_IsActive: 1
--- !u!4 &7807811666236805095
Transform:
  m_ObjectHideFlags: 0
  m_CorrespondingSourceObject: {fileID: 0}
  m_PrefabInstance: {fileID: 0}
  m_PrefabAsset: {fileID: 0}
  m_GameObject: {fileID: 7807811666236805094}
  m_LocalRotation: {x: -0.5100091, y: 0.6578082, z: 0.5118672, w: 0.21253516}
  m_LocalPosition: {x: -0, y: 5.6999997e-16, z: 0}
  m_LocalScale: {x: 1.0000004, y: 1.0000001, z: 1.0000002}
  m_ConstrainProportionsScale: 0
  m_Children:
  - {fileID: 7807811666831165242}
  m_Father: {fileID: 7807811666961638985}
  m_RootOrder: 1
  m_LocalEulerAnglesHint: {x: 0, y: 0, z: 0}
--- !u!1 &7807811666348691492
GameObject:
  m_ObjectHideFlags: 0
  m_CorrespondingSourceObject: {fileID: 0}
  m_PrefabInstance: {fileID: 0}
  m_PrefabAsset: {fileID: 0}
  serializedVersion: 6
  m_Component:
  - component: {fileID: 7807811666348691493}
  m_Layer: 0
  m_Name: arm_handle_L
  m_TagString: Untagged
  m_Icon: {fileID: 0}
  m_NavMeshLayer: 0
  m_StaticEditorFlags: 0
  m_IsActive: 1
--- !u!4 &7807811666348691493
Transform:
  m_ObjectHideFlags: 0
  m_CorrespondingSourceObject: {fileID: 0}
  m_PrefabInstance: {fileID: 0}
  m_PrefabAsset: {fileID: 0}
  m_GameObject: {fileID: 7807811666348691492}
  m_LocalRotation: {x: -0.00000007292196, y: 0.9697499, z: 0.0000006864557, w: -0.24410059}
  m_LocalPosition: {x: 0.007937746, y: -0.0024554143, z: 0.004366621}
  m_LocalScale: {x: 1, y: 1, z: 0.99999976}
  m_ConstrainProportionsScale: 0
  m_Children:
  - {fileID: 7807811665484204666}
  m_Father: {fileID: 7807811666911539969}
  m_RootOrder: 0
  m_LocalEulerAnglesHint: {x: 0, y: 0, z: 0}
--- !u!1 &7807811666392311606
GameObject:
  m_ObjectHideFlags: 0
  m_CorrespondingSourceObject: {fileID: 0}
  m_PrefabInstance: {fileID: 0}
  m_PrefabAsset: {fileID: 0}
  serializedVersion: 6
  m_Component:
  - component: {fileID: 7807811666392311607}
  m_Layer: 0
  m_Name: hand_R
  m_TagString: Untagged
  m_Icon: {fileID: 0}
  m_NavMeshLayer: 0
  m_StaticEditorFlags: 0
  m_IsActive: 1
--- !u!4 &7807811666392311607
Transform:
  m_ObjectHideFlags: 0
  m_CorrespondingSourceObject: {fileID: 0}
  m_PrefabInstance: {fileID: 0}
  m_PrefabAsset: {fileID: 0}
  m_GameObject: {fileID: 7807811666392311606}
  m_LocalRotation: {x: 0.7195882, y: -0.08452062, z: 0.6845323, w: -0.080402814}
  m_LocalPosition: {x: -7.880973e-10, y: -1.6256928e-10, z: -3.3527753e-10}
  m_LocalScale: {x: 1.0000001, y: 1, z: 1}
  m_ConstrainProportionsScale: 0
  m_Children: []
  m_Father: {fileID: 7807811665423445947}
  m_RootOrder: 0
  m_LocalEulerAnglesHint: {x: 0, y: 0, z: 0}
--- !u!1 &7807811666409540454
GameObject:
  m_ObjectHideFlags: 0
  m_CorrespondingSourceObject: {fileID: 0}
  m_PrefabInstance: {fileID: 0}
  m_PrefabAsset: {fileID: 0}
  serializedVersion: 6
  m_Component:
  - component: {fileID: 7807811666409540455}
  m_Layer: 0
  m_Name: spine2
  m_TagString: Untagged
  m_Icon: {fileID: 0}
  m_NavMeshLayer: 0
  m_StaticEditorFlags: 0
  m_IsActive: 1
--- !u!4 &7807811666409540455
Transform:
  m_ObjectHideFlags: 0
  m_CorrespondingSourceObject: {fileID: 0}
  m_PrefabInstance: {fileID: 0}
  m_PrefabAsset: {fileID: 0}
  m_GameObject: {fileID: 7807811666409540454}
  m_LocalRotation: {x: 0.96736413, y: -0.000005157938, z: -0.25339046, w: -0.000021718926}
  m_LocalPosition: {x: -0.0028070877, y: 2.1192874e-10, z: -1.4901161e-10}
  m_LocalScale: {x: 0.9999997, y: 1, z: 1.0000001}
  m_ConstrainProportionsScale: 0
  m_Children:
  - {fileID: 7807811665044051092}
  m_Father: {fileID: 7807811666961638985}
  m_RootOrder: 2
  m_LocalEulerAnglesHint: {x: 0, y: 0, z: 0}
--- !u!1 &7807811666481398566
GameObject:
  m_ObjectHideFlags: 0
  m_CorrespondingSourceObject: {fileID: 0}
  m_PrefabInstance: {fileID: 0}
  m_PrefabAsset: {fileID: 0}
  serializedVersion: 6
  m_Component:
  - component: {fileID: 7807811666481398567}
  m_Layer: 0
  m_Name: neck
  m_TagString: Untagged
  m_Icon: {fileID: 0}
  m_NavMeshLayer: 0
  m_StaticEditorFlags: 0
  m_IsActive: 1
--- !u!4 &7807811666481398567
Transform:
  m_ObjectHideFlags: 0
  m_CorrespondingSourceObject: {fileID: 0}
  m_PrefabInstance: {fileID: 0}
  m_PrefabAsset: {fileID: 0}
  m_GameObject: {fileID: 7807811666481398566}
  m_LocalRotation: {x: 0.0000008262668, y: 0.2546261, z: -0.00000049376155, w: 0.9670396}
  m_LocalPosition: {x: -0.0027913253, y: 2.1073918e-10, z: 7.45058e-10}
  m_LocalScale: {x: 0.99999994, y: 1, z: 1}
  m_ConstrainProportionsScale: 0
  m_Children:
  - {fileID: 7807811665424869697}
  m_Father: {fileID: 7807811665044051092}
  m_RootOrder: 0
  m_LocalEulerAnglesHint: {x: 0, y: 0, z: 0}
--- !u!1 &7807811666615860454
GameObject:
  m_ObjectHideFlags: 0
  m_CorrespondingSourceObject: {fileID: 0}
  m_PrefabInstance: {fileID: 0}
  m_PrefabAsset: {fileID: 0}
  serializedVersion: 6
  m_Component:
  - component: {fileID: 7807811666615860455}
  m_Layer: 0
  m_Name: leg_L
  m_TagString: Untagged
  m_Icon: {fileID: 0}
  m_NavMeshLayer: 0
  m_StaticEditorFlags: 0
  m_IsActive: 1
--- !u!4 &7807811666615860455
Transform:
  m_ObjectHideFlags: 0
  m_CorrespondingSourceObject: {fileID: 0}
  m_PrefabInstance: {fileID: 0}
  m_PrefabAsset: {fileID: 0}
  m_GameObject: {fileID: 7807811666615860454}
  m_LocalRotation: {x: 0.58940643, y: 0.056843687, z: 0.36122435, w: 0.7203374}
  m_LocalPosition: {x: -0.005843104, y: 9.080395e-10, z: 2.2351741e-10}
  m_LocalScale: {x: 1, y: 1, z: 1}
  m_ConstrainProportionsScale: 0
  m_Children: []
  m_Father: {fileID: 7807811665726391068}
  m_RootOrder: 0
  m_LocalEulerAnglesHint: {x: 0, y: 0, z: 0}
--- !u!1 &7807811666667681827
GameObject:
  m_ObjectHideFlags: 0
  m_CorrespondingSourceObject: {fileID: 0}
  m_PrefabInstance: {fileID: 0}
  m_PrefabAsset: {fileID: 0}
  serializedVersion: 6
  m_Component:
  - component: {fileID: 7807811666667681824}
  m_Layer: 0
  m_Name: foot_R
  m_TagString: Untagged
  m_Icon: {fileID: 0}
  m_NavMeshLayer: 0
  m_StaticEditorFlags: 0
  m_IsActive: 1
--- !u!4 &7807811666667681824
Transform:
  m_ObjectHideFlags: 0
  m_CorrespondingSourceObject: {fileID: 0}
  m_PrefabInstance: {fileID: 0}
  m_PrefabAsset: {fileID: 0}
  m_GameObject: {fileID: 7807811666667681827}
  m_LocalRotation: {x: 0.7155609, y: -0.10939318, z: 0.6820081, w: -0.10426289}
  m_LocalPosition: {x: 5.5917837e-10, y: 3.5314812e-10, z: 3.7085626e-10}
  m_LocalScale: {x: 1.0000002, y: 0.99999994, z: 1}
  m_ConstrainProportionsScale: 0
  m_Children: []
  m_Father: {fileID: 7807811665127307428}
  m_RootOrder: 0
  m_LocalEulerAnglesHint: {x: 0, y: 0, z: 0}
--- !u!1 &7807811666781414919
GameObject:
  m_ObjectHideFlags: 0
  m_CorrespondingSourceObject: {fileID: 0}
  m_PrefabInstance: {fileID: 0}
  m_PrefabAsset: {fileID: 0}
  serializedVersion: 6
  m_Component:
  - component: {fileID: 7807811666781414916}
  m_Layer: 0
  m_Name: foot_L
  m_TagString: Untagged
  m_Icon: {fileID: 0}
  m_NavMeshLayer: 0
  m_StaticEditorFlags: 0
  m_IsActive: 1
--- !u!4 &7807811666781414916
Transform:
  m_ObjectHideFlags: 0
  m_CorrespondingSourceObject: {fileID: 0}
  m_PrefabInstance: {fileID: 0}
  m_PrefabAsset: {fileID: 0}
  m_GameObject: {fileID: 7807811666781414919}
  m_LocalRotation: {x: 0.71556073, y: 0.109392874, z: 0.6820082, w: 0.10426341}
  m_LocalPosition: {x: 5.4909566e-10, y: 2.3920682e-10, z: 7.284299e-11}
  m_LocalScale: {x: 0.9999998, y: 0.9999999, z: 0.9999999}
  m_ConstrainProportionsScale: 0
  m_Children: []
  m_Father: {fileID: 7807811665214762872}
  m_RootOrder: 0
  m_LocalEulerAnglesHint: {x: 0, y: 0, z: 0}
--- !u!1 &7807811666809323253
GameObject:
  m_ObjectHideFlags: 0
  m_CorrespondingSourceObject: {fileID: 0}
  m_PrefabInstance: {fileID: 0}
  m_PrefabAsset: {fileID: 0}
  serializedVersion: 6
  m_Component:
  - component: {fileID: 7807811666809323250}
  m_Layer: 0
  m_Name: shoulder_R
  m_TagString: Untagged
  m_Icon: {fileID: 0}
  m_NavMeshLayer: 0
  m_StaticEditorFlags: 0
  m_IsActive: 1
--- !u!4 &7807811666809323250
Transform:
  m_ObjectHideFlags: 0
  m_CorrespondingSourceObject: {fileID: 0}
  m_PrefabInstance: {fileID: 0}
  m_PrefabAsset: {fileID: 0}
  m_GameObject: {fileID: 7807811666809323253}
  m_LocalRotation: {x: 0.4687984, y: -0.28986484, z: 0.5419869, w: 0.63439476}
  m_LocalPosition: {x: -0.0027913253, y: 2.1073918e-10, z: 7.45058e-10}
  m_LocalScale: {x: 1.0000001, y: 1.0000001, z: 1}
  m_ConstrainProportionsScale: 0
  m_Children:
  - {fileID: 7807811665664644714}
  m_Father: {fileID: 7807811665044051092}
  m_RootOrder: 2
  m_LocalEulerAnglesHint: {x: 0, y: 0, z: 0}
--- !u!1 &7807811666831165245
GameObject:
  m_ObjectHideFlags: 0
  m_CorrespondingSourceObject: {fileID: 0}
  m_PrefabInstance: {fileID: 0}
  m_PrefabAsset: {fileID: 0}
  serializedVersion: 6
  m_Component:
  - component: {fileID: 7807811666831165242}
  m_Layer: 0
  m_Name: leg_R
  m_TagString: Untagged
  m_Icon: {fileID: 0}
  m_NavMeshLayer: 0
  m_StaticEditorFlags: 0
  m_IsActive: 1
--- !u!4 &7807811666831165242
Transform:
  m_ObjectHideFlags: 0
  m_CorrespondingSourceObject: {fileID: 0}
  m_PrefabInstance: {fileID: 0}
  m_PrefabAsset: {fileID: 0}
  m_GameObject: {fileID: 7807811666831165245}
  m_LocalRotation: {x: -0.5894063, y: 0.05684375, z: -0.36122438, w: 0.7203374}
  m_LocalPosition: {x: -0.005843104, y: 4.0046869e-10, z: -2.7939678e-11}
  m_LocalScale: {x: 0.9999999, y: 1.0000001, z: 1}
  m_ConstrainProportionsScale: 0
  m_Children: []
  m_Father: {fileID: 7807811666236805095}
  m_RootOrder: 0
  m_LocalEulerAnglesHint: {x: 0, y: 0, z: 0}
--- !u!1 &7807811666885610413
GameObject:
  m_ObjectHideFlags: 0
  m_CorrespondingSourceObject: {fileID: 0}
  m_PrefabInstance: {fileID: 0}
  m_PrefabAsset: {fileID: 0}
  serializedVersion: 6
  m_Component:
  - component: {fileID: 7807811666885610410}
  - component: {fileID: 7807811666885610411}
  m_Layer: 0
  m_Name: Rabbit_Eyes
  m_TagString: Untagged
  m_Icon: {fileID: 0}
  m_NavMeshLayer: 0
  m_StaticEditorFlags: 0
  m_IsActive: 1
--- !u!4 &7807811666885610410
Transform:
  m_ObjectHideFlags: 0
  m_CorrespondingSourceObject: {fileID: 0}
  m_PrefabInstance: {fileID: 0}
  m_PrefabAsset: {fileID: 0}
  m_GameObject: {fileID: 7807811666885610413}
  m_LocalRotation: {x: 0, y: -0, z: -0, w: 1}
  m_LocalPosition: {x: -0, y: 0, z: 0}
  m_LocalScale: {x: 1, y: 1, z: 1}
  m_ConstrainProportionsScale: 0
  m_Children: []
  m_Father: {fileID: 7807811665877206210}
  m_RootOrder: 2
  m_LocalEulerAnglesHint: {x: 0, y: 0, z: 0}
--- !u!137 &7807811666885610411
SkinnedMeshRenderer:
  m_ObjectHideFlags: 0
  m_CorrespondingSourceObject: {fileID: 0}
  m_PrefabInstance: {fileID: 0}
  m_PrefabAsset: {fileID: 0}
  m_GameObject: {fileID: 7807811666885610413}
  m_Enabled: 1
  m_CastShadows: 1
  m_ReceiveShadows: 1
  m_DynamicOccludee: 1
  m_StaticShadowCaster: 0
  m_MotionVectors: 1
  m_LightProbeUsage: 1
  m_ReflectionProbeUsage: 1
  m_RayTracingMode: 3
  m_RayTraceProcedural: 0
  m_RenderingLayerMask: 1
  m_RendererPriority: 0
  m_Materials:
  - {fileID: 2100000, guid: d63f66543778067409d35df0810847bf, type: 2}
  m_StaticBatchInfo:
    firstSubMesh: 0
    subMeshCount: 0
  m_StaticBatchRoot: {fileID: 0}
  m_ProbeAnchor: {fileID: 0}
  m_LightProbeVolumeOverride: {fileID: 0}
  m_ScaleInLightmap: 1
  m_ReceiveGI: 1
  m_PreserveUVs: 0
  m_IgnoreNormalsForChartDetection: 0
  m_ImportantGI: 0
  m_StitchLightmapSeams: 1
  m_SelectedEditorRenderState: 3
  m_MinimumChartSize: 4
  m_AutoUVMaxDistance: 0.5
  m_AutoUVMaxAngle: 89
  m_LightmapParameters: {fileID: 0}
  m_SortingLayerID: 0
  m_SortingLayer: 0
  m_SortingOrder: 0
  serializedVersion: 2
  m_Quality: 0
  m_UpdateWhenOffscreen: 0
  m_SkinnedMotionVectors: 1
  m_Mesh: {fileID: 4300002, guid: 0962bdca27eaca34aaa15f7fdf608faf, type: 3}
  m_Bones:
  - {fileID: 7807811666911539969}
  - {fileID: 7807811666961638985}
  - {fileID: 7807811665726391068}
  - {fileID: 7807811666615860455}
  - {fileID: 7807811666236805095}
  - {fileID: 7807811666831165242}
  - {fileID: 7807811666409540455}
  - {fileID: 7807811665044051092}
  - {fileID: 7807811666481398567}
  - {fileID: 7807811665424869697}
  - {fileID: 7807811665270071153}
  - {fileID: 7807811665600692775}
  - {fileID: 7807811666962247458}
  - {fileID: 7807811665134263320}
  - {fileID: 7807811666809323250}
  - {fileID: 7807811665664644714}
  - {fileID: 7807811665214762872}
  - {fileID: 7807811666781414916}
  - {fileID: 7807811665127307428}
  - {fileID: 7807811666667681824}
  - {fileID: 7807811666348691493}
  - {fileID: 7807811665484204666}
  - {fileID: 7807811665423445947}
  - {fileID: 7807811666392311607}
  m_BlendShapeWeights: []
  m_RootBone: {fileID: 7807811666911539969}
  m_AABB:
    m_Center: {x: 0.0015652245, y: -0.000000015133992, z: 0.010444587}
    m_Extent: {x: 0.0008959133, y: 0.002543394, z: 0.0008915635}
  m_DirtyAABB: 0
--- !u!1 &7807811666911539968
GameObject:
  m_ObjectHideFlags: 0
  m_CorrespondingSourceObject: {fileID: 0}
  m_PrefabInstance: {fileID: 0}
  m_PrefabAsset: {fileID: 0}
  serializedVersion: 6
  m_Component:
  - component: {fileID: 7807811666911539969}
  m_Layer: 0
  m_Name: master
  m_TagString: Untagged
  m_Icon: {fileID: 0}
  m_NavMeshLayer: 0
  m_StaticEditorFlags: 0
  m_IsActive: 1
--- !u!4 &7807811666911539969
Transform:
  m_ObjectHideFlags: 0
  m_CorrespondingSourceObject: {fileID: 0}
  m_PrefabInstance: {fileID: 0}
  m_PrefabAsset: {fileID: 0}
  m_GameObject: {fileID: 7807811666911539968}
  m_LocalRotation: {x: 0.49465287, y: 0.49465403, z: -0.5052894, w: 0.50529057}
  m_LocalPosition: {x: -0, y: 0.002008684, z: 0.009160843}
  m_LocalScale: {x: 1, y: 1, z: 1}
  m_ConstrainProportionsScale: 0
  m_Children:
  - {fileID: 7807811666348691493}
  - {fileID: 7807811665423445947}
  - {fileID: 7807811665214762872}
  - {fileID: 7807811665127307428}
  - {fileID: 7807811666961638985}
  m_Father: {fileID: 7807811667115289624}
  m_RootOrder: 0
  m_LocalEulerAnglesHint: {x: 0, y: 0, z: 0}
--- !u!1 &7807811666961638984
GameObject:
  m_ObjectHideFlags: 0
  m_CorrespondingSourceObject: {fileID: 0}
  m_PrefabInstance: {fileID: 0}
  m_PrefabAsset: {fileID: 0}
  serializedVersion: 6
  m_Component:
  - component: {fileID: 7807811666961638985}
  m_Layer: 0
  m_Name: spine1
  m_TagString: Untagged
  m_Icon: {fileID: 0}
  m_NavMeshLayer: 0
  m_StaticEditorFlags: 0
  m_IsActive: 1
--- !u!4 &7807811666961638985
Transform:
  m_ObjectHideFlags: 0
  m_CorrespondingSourceObject: {fileID: 0}
  m_PrefabInstance: {fileID: 0}
  m_PrefabAsset: {fileID: 0}
  m_GameObject: {fileID: 7807811666961638984}
  m_LocalRotation: {x: -0.0000003685789, y: 0.5185202, z: 0.0000009889984, w: 0.8550654}
  m_LocalPosition: {x: 0.0012976432, y: 0.0000000034627885, z: -0.0024891496}
  m_LocalScale: {x: 1, y: 1, z: 1}
  m_ConstrainProportionsScale: 0
  m_Children:
  - {fileID: 7807811665726391068}
  - {fileID: 7807811666236805095}
  - {fileID: 7807811666409540455}
  m_Father: {fileID: 7807811666911539969}
  m_RootOrder: 4
  m_LocalEulerAnglesHint: {x: 0, y: 0, z: 0}
--- !u!1 &7807811666962247461
GameObject:
  m_ObjectHideFlags: 0
  m_CorrespondingSourceObject: {fileID: 0}
  m_PrefabInstance: {fileID: 0}
  m_PrefabAsset: {fileID: 0}
  serializedVersion: 6
  m_Component:
  - component: {fileID: 7807811666962247458}
  m_Layer: 0
  m_Name: shoulder_L
  m_TagString: Untagged
  m_Icon: {fileID: 0}
  m_NavMeshLayer: 0
  m_StaticEditorFlags: 0
  m_IsActive: 1
--- !u!4 &7807811666962247458
Transform:
  m_ObjectHideFlags: 0
  m_CorrespondingSourceObject: {fileID: 0}
  m_PrefabInstance: {fileID: 0}
  m_PrefabAsset: {fileID: 0}
  m_GameObject: {fileID: 7807811666962247461}
  m_LocalRotation: {x: -0.46879905, y: -0.2898654, z: -0.5419866, w: 0.6343942}
  m_LocalPosition: {x: -0.0027913253, y: 2.1073918e-10, z: 7.45058e-10}
  m_LocalScale: {x: 1, y: 1, z: 1}
  m_ConstrainProportionsScale: 0
  m_Children:
  - {fileID: 7807811665134263320}
  m_Father: {fileID: 7807811665044051092}
  m_RootOrder: 1
  m_LocalEulerAnglesHint: {x: 0, y: 0, z: 0}
--- !u!1 &7807811667115289627
GameObject:
  m_ObjectHideFlags: 0
  m_CorrespondingSourceObject: {fileID: 0}
  m_PrefabInstance: {fileID: 0}
  m_PrefabAsset: {fileID: 0}
  serializedVersion: 6
  m_Component:
  - component: {fileID: 7807811667115289624}
  m_Layer: 0
  m_Name: Armature
  m_TagString: Untagged
  m_Icon: {fileID: 0}
  m_NavMeshLayer: 0
  m_StaticEditorFlags: 0
  m_IsActive: 1
--- !u!4 &7807811667115289624
Transform:
  m_ObjectHideFlags: 0
  m_CorrespondingSourceObject: {fileID: 0}
  m_PrefabInstance: {fileID: 0}
  m_PrefabAsset: {fileID: 0}
  m_GameObject: {fileID: 7807811667115289627}
  m_LocalRotation: {x: -0.7071068, y: 0, z: -0, w: 0.7071067}
  m_LocalPosition: {x: -0, y: 0, z: 0}
  m_LocalScale: {x: 50, y: 50, z: 50}
  m_ConstrainProportionsScale: 0
  m_Children:
  - {fileID: 7807811666911539969}
  m_Father: {fileID: 7807811665877206210}
  m_RootOrder: 0
  m_LocalEulerAnglesHint: {x: 0, y: 0, z: 0}
