%YAML 1.1
%TAG !u! tag:unity3d.com,2011:
--- !u!1 &890360818244423811
GameObject:
  m_ObjectHideFlags: 0
  m_CorrespondingSourceObject: {fileID: 0}
  m_PrefabInstance: {fileID: 0}
  m_PrefabAsset: {fileID: 0}
  serializedVersion: 6
  m_Component:
  - component: {fileID: 890360818244678801}
  - component: {fileID: 890360818243392261}
  - component: {fileID: 890360818242399531}
  - component: {fileID: 2870483371675953779}
  m_Layer: 6
  m_Name: Rock Stump
  m_TagString: Untagged
  m_Icon: {fileID: 0}
  m_NavMeshLayer: 0
  m_StaticEditorFlags: 0
  m_IsActive: 1
--- !u!4 &890360818244678801
Transform:
  m_ObjectHideFlags: 0
  m_CorrespondingSourceObject: {fileID: 0}
  m_PrefabInstance: {fileID: 0}
  m_PrefabAsset: {fileID: 0}
  m_GameObject: {fileID: 890360818244423811}
  m_LocalRotation: {x: 0.047799874, y: -0, z: -0, w: 0.99885696}
  m_LocalPosition: {x: 0.43563843, y: -0.7, z: -0.09}
  m_LocalScale: {x: 2.35, y: 0.61, z: 2.3500001}
  m_ConstrainProportionsScale: 0
  m_Children: []
  m_Father: {fileID: 1237651837593028627}
  m_RootOrder: 9
  m_LocalEulerAnglesHint: {x: 5.48, y: 0, z: 0}
--- !u!33 &890360818243392261
MeshFilter:
  m_ObjectHideFlags: 0
  m_CorrespondingSourceObject: {fileID: 0}
  m_PrefabInstance: {fileID: 0}
  m_PrefabAsset: {fileID: 0}
  m_GameObject: {fileID: 890360818244423811}
  m_Mesh: {fileID: 4300000, guid: 0dbadadc30f9b7e40a97777e423e6689, type: 3}
--- !u!23 &890360818242399531
MeshRenderer:
  m_ObjectHideFlags: 0
  m_CorrespondingSourceObject: {fileID: 0}
  m_PrefabInstance: {fileID: 0}
  m_PrefabAsset: {fileID: 0}
  m_GameObject: {fileID: 890360818244423811}
  m_Enabled: 1
  m_CastShadows: 1
  m_ReceiveShadows: 1
  m_DynamicOccludee: 1
  m_StaticShadowCaster: 0
  m_MotionVectors: 1
  m_LightProbeUsage: 1
  m_ReflectionProbeUsage: 1
  m_RayTracingMode: 2
  m_RayTraceProcedural: 0
  m_RenderingLayerMask: 1
  m_RendererPriority: 0
  m_Materials:
  - {fileID: 2100000, guid: 9f1cb40a9384ec14aa86a5a331c316e7, type: 2}
  m_StaticBatchInfo:
    firstSubMesh: 0
    subMeshCount: 0
  m_StaticBatchRoot: {fileID: 0}
  m_ProbeAnchor: {fileID: 0}
  m_LightProbeVolumeOverride: {fileID: 0}
  m_ScaleInLightmap: 1
  m_ReceiveGI: 1
  m_PreserveUVs: 0
  m_IgnoreNormalsForChartDetection: 0
  m_ImportantGI: 0
  m_StitchLightmapSeams: 1
  m_SelectedEditorRenderState: 3
  m_MinimumChartSize: 4
  m_AutoUVMaxDistance: 0.5
  m_AutoUVMaxAngle: 89
  m_LightmapParameters: {fileID: 0}
  m_SortingLayerID: 0
  m_SortingLayer: 0
  m_SortingOrder: 0
  m_AdditionalVertexStreams: {fileID: 0}
--- !u!64 &2870483371675953779
MeshCollider:
  m_ObjectHideFlags: 0
  m_CorrespondingSourceObject: {fileID: 0}
  m_PrefabInstance: {fileID: 0}
  m_PrefabAsset: {fileID: 0}
  m_GameObject: {fileID: 890360818244423811}
  m_Material: {fileID: 0}
  m_IsTrigger: 0
  m_Enabled: 1
  serializedVersion: 4
  m_Convex: 1
  m_CookingOptions: 30
  m_Mesh: {fileID: 4300000, guid: 0dbadadc30f9b7e40a97777e423e6689, type: 3}
--- !u!1 &4830406440552955889
GameObject:
  m_ObjectHideFlags: 0
  m_CorrespondingSourceObject: {fileID: 0}
  m_PrefabInstance: {fileID: 0}
  m_PrefabAsset: {fileID: 0}
  serializedVersion: 6
  m_Component:
  - component: {fileID: 1237651837593028627}
  m_Layer: 0
  m_Name: BreakedRock
  m_TagString: Untagged
  m_Icon: {fileID: 0}
  m_NavMeshLayer: 0
  m_StaticEditorFlags: 0
  m_IsActive: 1
--- !u!4 &1237651837593028627
Transform:
  m_ObjectHideFlags: 0
  m_CorrespondingSourceObject: {fileID: 0}
  m_PrefabInstance: {fileID: 0}
  m_PrefabAsset: {fileID: 0}
  m_GameObject: {fileID: 4830406440552955889}
  m_LocalRotation: {x: 0, y: 0, z: 0, w: 1}
  m_LocalPosition: {x: 0, y: 0, z: 0}
  m_LocalScale: {x: 1, y: 1, z: 1}
  m_ConstrainProportionsScale: 0
  m_Children:
  - {fileID: 7103947484011951108}
  - {fileID: 6675993547894648953}
  - {fileID: 5928778997535719637}
  - {fileID: 3117579233311628345}
  - {fileID: 3157405551813638402}
  - {fileID: 1833217864677498871}
  - {fileID: 1042122718988730153}
  - {fileID: 4085988323355195174}
  - {fileID: 6959402871809200852}
  - {fileID: 890360818244678801}
  m_Father: {fileID: 0}
  m_RootOrder: 0
  m_LocalEulerAnglesHint: {x: 0, y: 0, z: 0}
--- !u!1001 &2242135343697649758
PrefabInstance:
  m_ObjectHideFlags: 0
  serializedVersion: 2
  m_Modification:
    m_TransformParent: {fileID: 1237651837593028627}
    m_Modifications:
    - target: {fileID: 9046571314784867418, guid: cc6f5a244605ba24cae66304ff63fe90, type: 3}
      propertyPath: m_RootOrder
      value: 0
      objectReference: {fileID: 0}
    - target: {fileID: 9046571314784867418, guid: cc6f5a244605ba24cae66304ff63fe90, type: 3}
      propertyPath: m_LocalPosition.x
      value: -0.24
      objectReference: {fileID: 0}
    - target: {fileID: 9046571314784867418, guid: cc6f5a244605ba24cae66304ff63fe90, type: 3}
      propertyPath: m_LocalPosition.y
      value: 2.04
      objectReference: {fileID: 0}
    - target: {fileID: 9046571314784867418, guid: cc6f5a244605ba24cae66304ff63fe90, type: 3}
      propertyPath: m_LocalPosition.z
      value: -0.050000012
      objectReference: {fileID: 0}
    - target: {fileID: 9046571314784867418, guid: cc6f5a244605ba24cae66304ff63fe90, type: 3}
      propertyPath: m_LocalRotation.w
      value: 1
      objectReference: {fileID: 0}
    - target: {fileID: 9046571314784867418, guid: cc6f5a244605ba24cae66304ff63fe90, type: 3}
      propertyPath: m_LocalRotation.x
      value: -0
      objectReference: {fileID: 0}
    - target: {fileID: 9046571314784867418, guid: cc6f5a244605ba24cae66304ff63fe90, type: 3}
      propertyPath: m_LocalRotation.y
      value: -0
      objectReference: {fileID: 0}
    - target: {fileID: 9046571314784867418, guid: cc6f5a244605ba24cae66304ff63fe90, type: 3}
      propertyPath: m_LocalRotation.z
      value: -0
      objectReference: {fileID: 0}
    - target: {fileID: 9046571314784867418, guid: cc6f5a244605ba24cae66304ff63fe90, type: 3}
      propertyPath: m_LocalEulerAnglesHint.x
      value: 0
      objectReference: {fileID: 0}
    - target: {fileID: 9046571314784867418, guid: cc6f5a244605ba24cae66304ff63fe90, type: 3}
      propertyPath: m_LocalEulerAnglesHint.y
      value: 0
      objectReference: {fileID: 0}
    - target: {fileID: 9046571314784867418, guid: cc6f5a244605ba24cae66304ff63fe90, type: 3}
      propertyPath: m_LocalEulerAnglesHint.z
      value: 0
      objectReference: {fileID: 0}
    - target: {fileID: 9046571314784867422, guid: cc6f5a244605ba24cae66304ff63fe90, type: 3}
      propertyPath: m_Name
      value: RockA
      objectReference: {fileID: 0}
    m_RemovedComponents: []
  m_SourcePrefab: {fileID: 100100000, guid: cc6f5a244605ba24cae66304ff63fe90, type: 3}
--- !u!4 &7103947484011951108 stripped
Transform:
  m_CorrespondingSourceObject: {fileID: 9046571314784867418, guid: cc6f5a244605ba24cae66304ff63fe90, type: 3}
  m_PrefabInstance: {fileID: 2242135343697649758}
  m_PrefabAsset: {fileID: 0}
--- !u!1001 &2390853317806973987
PrefabInstance:
  m_ObjectHideFlags: 0
  serializedVersion: 2
  m_Modification:
    m_TransformParent: {fileID: 1237651837593028627}
    m_Modifications:
    - target: {fileID: 9046571314784867418, guid: cc6f5a244605ba24cae66304ff63fe90, type: 3}
      propertyPath: m_RootOrder
      value: 1
      objectReference: {fileID: 0}
    - target: {fileID: 9046571314784867418, guid: cc6f5a244605ba24cae66304ff63fe90, type: 3}
      propertyPath: m_LocalPosition.x
      value: -0.39000005
      objectReference: {fileID: 0}
    - target: {fileID: 9046571314784867418, guid: cc6f5a244605ba24cae66304ff63fe90, type: 3}
      propertyPath: m_LocalPosition.y
      value: 1.66
      objectReference: {fileID: 0}
    - target: {fileID: 9046571314784867418, guid: cc6f5a244605ba24cae66304ff63fe90, type: 3}
      propertyPath: m_LocalPosition.z
      value: -1.6999998
      objectReference: {fileID: 0}
    - target: {fileID: 9046571314784867418, guid: cc6f5a244605ba24cae66304ff63fe90, type: 3}
      propertyPath: m_LocalRotation.w
      value: 0.7868007
      objectReference: {fileID: 0}
    - target: {fileID: 9046571314784867418, guid: cc6f5a244605ba24cae66304ff63fe90, type: 3}
      propertyPath: m_LocalRotation.x
      value: 0.07297166
      objectReference: {fileID: 0}
    - target: {fileID: 9046571314784867418, guid: cc6f5a244605ba24cae66304ff63fe90, type: 3}
      propertyPath: m_LocalRotation.y
      value: -0.6054989
      objectReference: {fileID: 0}
    - target: {fileID: 9046571314784867418, guid: cc6f5a244605ba24cae66304ff63fe90, type: 3}
      propertyPath: m_LocalRotation.z
      value: -0.09482122
      objectReference: {fileID: 0}
    - target: {fileID: 9046571314784867418, guid: cc6f5a244605ba24cae66304ff63fe90, type: 3}
      propertyPath: m_LocalEulerAnglesHint.x
      value: 0
      objectReference: {fileID: 0}
    - target: {fileID: 9046571314784867418, guid: cc6f5a244605ba24cae66304ff63fe90, type: 3}
      propertyPath: m_LocalEulerAnglesHint.y
      value: -75.162
      objectReference: {fileID: 0}
    - target: {fileID: 9046571314784867418, guid: cc6f5a244605ba24cae66304ff63fe90, type: 3}
      propertyPath: m_LocalEulerAnglesHint.z
      value: -13.744
      objectReference: {fileID: 0}
    - target: {fileID: 9046571314784867422, guid: cc6f5a244605ba24cae66304ff63fe90, type: 3}
      propertyPath: m_Name
      value: RockB
      objectReference: {fileID: 0}
    m_RemovedComponents: []
  m_SourcePrefab: {fileID: 100100000, guid: cc6f5a244605ba24cae66304ff63fe90, type: 3}
--- !u!4 &6675993547894648953 stripped
Transform:
  m_CorrespondingSourceObject: {fileID: 9046571314784867418, guid: cc6f5a244605ba24cae66304ff63fe90, type: 3}
  m_PrefabInstance: {fileID: 2390853317806973987}
  m_PrefabAsset: {fileID: 0}
--- !u!1001 &3444305626796414095
PrefabInstance:
  m_ObjectHideFlags: 0
  serializedVersion: 2
  m_Modification:
    m_TransformParent: {fileID: 1237651837593028627}
    m_Modifications:
    - target: {fileID: 9046571314784867418, guid: cc6f5a244605ba24cae66304ff63fe90, type: 3}
      propertyPath: m_RootOrder
      value: 2
      objectReference: {fileID: 0}
    - target: {fileID: 9046571314784867418, guid: cc6f5a244605ba24cae66304ff63fe90, type: 3}
      propertyPath: m_LocalPosition.x
      value: -0.24
      objectReference: {fileID: 0}
    - target: {fileID: 9046571314784867418, guid: cc6f5a244605ba24cae66304ff63fe90, type: 3}
      propertyPath: m_LocalPosition.y
      value: 2.8899999
      objectReference: {fileID: 0}
    - target: {fileID: 9046571314784867418, guid: cc6f5a244605ba24cae66304ff63fe90, type: 3}
      propertyPath: m_LocalPosition.z
      value: -0.79
      objectReference: {fileID: 0}
    - target: {fileID: 9046571314784867418, guid: cc6f5a244605ba24cae66304ff63fe90, type: 3}
      propertyPath: m_LocalRotation.w
      value: 0.7650289
      objectReference: {fileID: 0}
    - target: {fileID: 9046571314784867418, guid: cc6f5a244605ba24cae66304ff63fe90, type: 3}
      propertyPath: m_LocalRotation.x
      value: -0
      objectReference: {fileID: 0}
    - target: {fileID: 9046571314784867418, guid: cc6f5a244605ba24cae66304ff63fe90, type: 3}
      propertyPath: m_LocalRotation.y
      value: -0.643996
      objectReference: {fileID: 0}
    - target: {fileID: 9046571314784867418, guid: cc6f5a244605ba24cae66304ff63fe90, type: 3}
      propertyPath: m_LocalRotation.z
      value: -0
      objectReference: {fileID: 0}
    - target: {fileID: 9046571314784867418, guid: cc6f5a244605ba24cae66304ff63fe90, type: 3}
      propertyPath: m_LocalEulerAnglesHint.x
      value: 0
      objectReference: {fileID: 0}
    - target: {fileID: 9046571314784867418, guid: cc6f5a244605ba24cae66304ff63fe90, type: 3}
      propertyPath: m_LocalEulerAnglesHint.y
      value: -80.181
      objectReference: {fileID: 0}
    - target: {fileID: 9046571314784867418, guid: cc6f5a244605ba24cae66304ff63fe90, type: 3}
      propertyPath: m_LocalEulerAnglesHint.z
      value: 0
      objectReference: {fileID: 0}
    - target: {fileID: 9046571314784867422, guid: cc6f5a244605ba24cae66304ff63fe90, type: 3}
      propertyPath: m_Name
      value: RockC
      objectReference: {fileID: 0}
    m_RemovedComponents: []
  m_SourcePrefab: {fileID: 100100000, guid: cc6f5a244605ba24cae66304ff63fe90, type: 3}
--- !u!4 &5928778997535719637 stripped
Transform:
  m_CorrespondingSourceObject: {fileID: 9046571314784867418, guid: cc6f5a244605ba24cae66304ff63fe90, type: 3}
  m_PrefabInstance: {fileID: 3444305626796414095}
  m_PrefabAsset: {fileID: 0}
--- !u!1001 &3989838299333090535
PrefabInstance:
  m_ObjectHideFlags: 0
  serializedVersion: 2
  m_Modification:
    m_TransformParent: {fileID: 1237651837593028627}
    m_Modifications:
    - target: {fileID: 6325873855080042035, guid: 0c3fdcfac5475e944b0aed3abaa25b67, type: 3}
      propertyPath: m_RootOrder
      value: 8
      objectReference: {fileID: 0}
    - target: {fileID: 6325873855080042035, guid: 0c3fdcfac5475e944b0aed3abaa25b67, type: 3}
      propertyPath: m_LocalPosition.x
      value: -0.43
      objectReference: {fileID: 0}
    - target: {fileID: 6325873855080042035, guid: 0c3fdcfac5475e944b0aed3abaa25b67, type: 3}
      propertyPath: m_LocalPosition.y
      value: 3.98
      objectReference: {fileID: 0}
    - target: {fileID: 6325873855080042035, guid: 0c3fdcfac5475e944b0aed3abaa25b67, type: 3}
      propertyPath: m_LocalPosition.z
      value: -0.38
      objectReference: {fileID: 0}
    - target: {fileID: 6325873855080042035, guid: 0c3fdcfac5475e944b0aed3abaa25b67, type: 3}
      propertyPath: m_LocalRotation.w
      value: 0.89182156
      objectReference: {fileID: 0}
    - target: {fileID: 6325873855080042035, guid: 0c3fdcfac5475e944b0aed3abaa25b67, type: 3}
      propertyPath: m_LocalRotation.x
      value: -0.3146641
      objectReference: {fileID: 0}
    - target: {fileID: 6325873855080042035, guid: 0c3fdcfac5475e944b0aed3abaa25b67, type: 3}
      propertyPath: m_LocalRotation.y
      value: -0.30650523
      objectReference: {fileID: 0}
    - target: {fileID: 6325873855080042035, guid: 0c3fdcfac5475e944b0aed3abaa25b67, type: 3}
      propertyPath: m_LocalRotation.z
      value: -0.10814513
      objectReference: {fileID: 0}
    - target: {fileID: 6325873855080042035, guid: 0c3fdcfac5475e944b0aed3abaa25b67, type: 3}
      propertyPath: m_LocalEulerAnglesHint.x
      value: -38.869
      objectReference: {fileID: 0}
    - target: {fileID: 6325873855080042035, guid: 0c3fdcfac5475e944b0aed3abaa25b67, type: 3}
      propertyPath: m_LocalEulerAnglesHint.y
      value: -37.934
      objectReference: {fileID: 0}
    - target: {fileID: 6325873855080042035, guid: 0c3fdcfac5475e944b0aed3abaa25b67, type: 3}
      propertyPath: m_LocalEulerAnglesHint.z
      value: 0
      objectReference: {fileID: 0}
    - target: {fileID: 6665842491377996937, guid: 0c3fdcfac5475e944b0aed3abaa25b67, type: 3}
      propertyPath: m_Name
      value: Purple Fluorite A (1)
      objectReference: {fileID: 0}
    m_RemovedComponents: []
  m_SourcePrefab: {fileID: 100100000, guid: 0c3fdcfac5475e944b0aed3abaa25b67, type: 3}
--- !u!4 &6959402871809200852 stripped
Transform:
  m_CorrespondingSourceObject: {fileID: 6325873855080042035, guid: 0c3fdcfac5475e944b0aed3abaa25b67, type: 3}
  m_PrefabInstance: {fileID: 3989838299333090535}
  m_PrefabAsset: {fileID: 0}
--- !u!1001 &4989909314044388220
PrefabInstance:
  m_ObjectHideFlags: 0
  serializedVersion: 2
  m_Modification:
    m_TransformParent: {fileID: 1237651837593028627}
    m_Modifications:
    - target: {fileID: 9046571314784867418, guid: cc6f5a244605ba24cae66304ff63fe90, type: 3}
      propertyPath: m_RootOrder
      value: 7
      objectReference: {fileID: 0}
    - target: {fileID: 9046571314784867418, guid: cc6f5a244605ba24cae66304ff63fe90, type: 3}
      propertyPath: m_LocalPosition.x
      value: 1.3699998
      objectReference: {fileID: 0}
    - target: {fileID: 9046571314784867418, guid: cc6f5a244605ba24cae66304ff63fe90, type: 3}
      propertyPath: m_LocalPosition.y
      value: 2.6999998
      objectReference: {fileID: 0}
    - target: {fileID: 9046571314784867418, guid: cc6f5a244605ba24cae66304ff63fe90, type: 3}
      propertyPath: m_LocalPosition.z
      value: -0.24000001
      objectReference: {fileID: 0}
    - target: {fileID: 9046571314784867418, guid: cc6f5a244605ba24cae66304ff63fe90, type: 3}
      propertyPath: m_LocalRotation.w
      value: 0.32598868
      objectReference: {fileID: 0}
    - target: {fileID: 9046571314784867418, guid: cc6f5a244605ba24cae66304ff63fe90, type: 3}
      propertyPath: m_LocalRotation.x
      value: -0.038176704
      objectReference: {fileID: 0}
    - target: {fileID: 9046571314784867418, guid: cc6f5a244605ba24cae66304ff63fe90, type: 3}
      propertyPath: m_LocalRotation.y
      value: 0.8713679
      objectReference: {fileID: 0}
    - target: {fileID: 9046571314784867418, guid: cc6f5a244605ba24cae66304ff63fe90, type: 3}
      propertyPath: m_LocalRotation.z
      value: -0.36468077
      objectReference: {fileID: 0}
    - target: {fileID: 9046571314784867418, guid: cc6f5a244605ba24cae66304ff63fe90, type: 3}
      propertyPath: m_LocalEulerAnglesHint.x
      value: 37.637
      objectReference: {fileID: 0}
    - target: {fileID: 9046571314784867418, guid: cc6f5a244605ba24cae66304ff63fe90, type: 3}
      propertyPath: m_LocalEulerAnglesHint.y
      value: 131.187
      objectReference: {fileID: 0}
    - target: {fileID: 9046571314784867418, guid: cc6f5a244605ba24cae66304ff63fe90, type: 3}
      propertyPath: m_LocalEulerAnglesHint.z
      value: -22.598
      objectReference: {fileID: 0}
    - target: {fileID: 9046571314784867422, guid: cc6f5a244605ba24cae66304ff63fe90, type: 3}
      propertyPath: m_Name
      value: RockH
      objectReference: {fileID: 0}
    m_RemovedComponents: []
  m_SourcePrefab: {fileID: 100100000, guid: cc6f5a244605ba24cae66304ff63fe90, type: 3}
--- !u!4 &4085988323355195174 stripped
Transform:
  m_CorrespondingSourceObject: {fileID: 9046571314784867418, guid: cc6f5a244605ba24cae66304ff63fe90, type: 3}
  m_PrefabInstance: {fileID: 4989909314044388220}
  m_PrefabAsset: {fileID: 0}
--- !u!1001 &6222491654080638296
PrefabInstance:
  m_ObjectHideFlags: 0
  serializedVersion: 2
  m_Modification:
    m_TransformParent: {fileID: 1237651837593028627}
    m_Modifications:
    - target: {fileID: 9046571314784867418, guid: cc6f5a244605ba24cae66304ff63fe90, type: 3}
      propertyPath: m_RootOrder
      value: 4
      objectReference: {fileID: 0}
    - target: {fileID: 9046571314784867418, guid: cc6f5a244605ba24cae66304ff63fe90, type: 3}
      propertyPath: m_LocalPosition.x
      value: -0.24
      objectReference: {fileID: 0}
    - target: {fileID: 9046571314784867418, guid: cc6f5a244605ba24cae66304ff63fe90, type: 3}
      propertyPath: m_LocalPosition.y
      value: 1.19
      objectReference: {fileID: 0}
    - target: {fileID: 9046571314784867418, guid: cc6f5a244605ba24cae66304ff63fe90, type: 3}
      propertyPath: m_LocalPosition.z
      value: -0.05
      objectReference: {fileID: 0}
    - target: {fileID: 9046571314784867418, guid: cc6f5a244605ba24cae66304ff63fe90, type: 3}
      propertyPath: m_LocalRotation.w
      value: 1
      objectReference: {fileID: 0}
    - target: {fileID: 9046571314784867418, guid: cc6f5a244605ba24cae66304ff63fe90, type: 3}
      propertyPath: m_LocalRotation.x
      value: -0
      objectReference: {fileID: 0}
    - target: {fileID: 9046571314784867418, guid: cc6f5a244605ba24cae66304ff63fe90, type: 3}
      propertyPath: m_LocalRotation.y
      value: -0
      objectReference: {fileID: 0}
    - target: {fileID: 9046571314784867418, guid: cc6f5a244605ba24cae66304ff63fe90, type: 3}
      propertyPath: m_LocalRotation.z
      value: -0
      objectReference: {fileID: 0}
    - target: {fileID: 9046571314784867418, guid: cc6f5a244605ba24cae66304ff63fe90, type: 3}
      propertyPath: m_LocalEulerAnglesHint.x
      value: 0
      objectReference: {fileID: 0}
    - target: {fileID: 9046571314784867418, guid: cc6f5a244605ba24cae66304ff63fe90, type: 3}
      propertyPath: m_LocalEulerAnglesHint.y
      value: 0
      objectReference: {fileID: 0}
    - target: {fileID: 9046571314784867418, guid: cc6f5a244605ba24cae66304ff63fe90, type: 3}
      propertyPath: m_LocalEulerAnglesHint.z
      value: 0
      objectReference: {fileID: 0}
    - target: {fileID: 9046571314784867422, guid: cc6f5a244605ba24cae66304ff63fe90, type: 3}
      propertyPath: m_Name
      value: RockE
      objectReference: {fileID: 0}
    m_RemovedComponents: []
  m_SourcePrefab: {fileID: 100100000, guid: cc6f5a244605ba24cae66304ff63fe90, type: 3}
--- !u!4 &3157405551813638402 stripped
Transform:
  m_CorrespondingSourceObject: {fileID: 9046571314784867418, guid: cc6f5a244605ba24cae66304ff63fe90, type: 3}
  m_PrefabInstance: {fileID: 6222491654080638296}
  m_PrefabAsset: {fileID: 0}
--- !u!1001 &6253315589227481187
PrefabInstance:
  m_ObjectHideFlags: 0
  serializedVersion: 2
  m_Modification:
    m_TransformParent: {fileID: 1237651837593028627}
    m_Modifications:
    - target: {fileID: 9046571314784867418, guid: cc6f5a244605ba24cae66304ff63fe90, type: 3}
      propertyPath: m_RootOrder
      value: 3
      objectReference: {fileID: 0}
    - target: {fileID: 9046571314784867418, guid: cc6f5a244605ba24cae66304ff63fe90, type: 3}
      propertyPath: m_LocalPosition.x
      value: -0.24
      objectReference: {fileID: 0}
    - target: {fileID: 9046571314784867418, guid: cc6f5a244605ba24cae66304ff63fe90, type: 3}
      propertyPath: m_LocalPosition.y
      value: 1.86
      objectReference: {fileID: 0}
    - target: {fileID: 9046571314784867418, guid: cc6f5a244605ba24cae66304ff63fe90, type: 3}
      propertyPath: m_LocalPosition.z
      value: 1.0200001
      objectReference: {fileID: 0}
    - target: {fileID: 9046571314784867418, guid: cc6f5a244605ba24cae66304ff63fe90, type: 3}
      propertyPath: m_LocalRotation.w
      value: 0.9594782
      objectReference: {fileID: 0}
    - target: {fileID: 9046571314784867418, guid: cc6f5a244605ba24cae66304ff63fe90, type: 3}
      propertyPath: m_LocalRotation.x
      value: -0
      objectReference: {fileID: 0}
    - target: {fileID: 9046571314784867418, guid: cc6f5a244605ba24cae66304ff63fe90, type: 3}
      propertyPath: m_LocalRotation.y
      value: 0.28178287
      objectReference: {fileID: 0}
    - target: {fileID: 9046571314784867418, guid: cc6f5a244605ba24cae66304ff63fe90, type: 3}
      propertyPath: m_LocalRotation.z
      value: -0
      objectReference: {fileID: 0}
    - target: {fileID: 9046571314784867418, guid: cc6f5a244605ba24cae66304ff63fe90, type: 3}
      propertyPath: m_LocalEulerAnglesHint.x
      value: 0
      objectReference: {fileID: 0}
    - target: {fileID: 9046571314784867418, guid: cc6f5a244605ba24cae66304ff63fe90, type: 3}
      propertyPath: m_LocalEulerAnglesHint.y
      value: 32.733
      objectReference: {fileID: 0}
    - target: {fileID: 9046571314784867418, guid: cc6f5a244605ba24cae66304ff63fe90, type: 3}
      propertyPath: m_LocalEulerAnglesHint.z
      value: 0
      objectReference: {fileID: 0}
    - target: {fileID: 9046571314784867422, guid: cc6f5a244605ba24cae66304ff63fe90, type: 3}
      propertyPath: m_Name
      value: RockD
      objectReference: {fileID: 0}
    m_RemovedComponents: []
  m_SourcePrefab: {fileID: 100100000, guid: cc6f5a244605ba24cae66304ff63fe90, type: 3}
--- !u!4 &3117579233311628345 stripped
Transform:
  m_CorrespondingSourceObject: {fileID: 9046571314784867418, guid: cc6f5a244605ba24cae66304ff63fe90, type: 3}
  m_PrefabInstance: {fileID: 6253315589227481187}
  m_PrefabAsset: {fileID: 0}
--- !u!1001 &7276415401573813165
PrefabInstance:
  m_ObjectHideFlags: 0
  serializedVersion: 2
  m_Modification:
    m_TransformParent: {fileID: 1237651837593028627}
    m_Modifications:
    - target: {fileID: 9046571314784867418, guid: cc6f5a244605ba24cae66304ff63fe90, type: 3}
      propertyPath: m_RootOrder
      value: 5
      objectReference: {fileID: 0}
    - target: {fileID: 9046571314784867418, guid: cc6f5a244605ba24cae66304ff63fe90, type: 3}
      propertyPath: m_LocalPosition.x
      value: -1.8489999
      objectReference: {fileID: 0}
    - target: {fileID: 9046571314784867418, guid: cc6f5a244605ba24cae66304ff63fe90, type: 3}
      propertyPath: m_LocalPosition.y
      value: 1.7799999
      objectReference: {fileID: 0}
    - target: {fileID: 9046571314784867418, guid: cc6f5a244605ba24cae66304ff63fe90, type: 3}
      propertyPath: m_LocalPosition.z
      value: -0.050000012
      objectReference: {fileID: 0}
    - target: {fileID: 9046571314784867418, guid: cc6f5a244605ba24cae66304ff63fe90, type: 3}
      propertyPath: m_LocalRotation.w
      value: 1
      objectReference: {fileID: 0}
    - target: {fileID: 9046571314784867418, guid: cc6f5a244605ba24cae66304ff63fe90, type: 3}
      propertyPath: m_LocalRotation.x
      value: -0
      objectReference: {fileID: 0}
    - target: {fileID: 9046571314784867418, guid: cc6f5a244605ba24cae66304ff63fe90, type: 3}
      propertyPath: m_LocalRotation.y
      value: -0
      objectReference: {fileID: 0}
    - target: {fileID: 9046571314784867418, guid: cc6f5a244605ba24cae66304ff63fe90, type: 3}
      propertyPath: m_LocalRotation.z
      value: -0
      objectReference: {fileID: 0}
    - target: {fileID: 9046571314784867418, guid: cc6f5a244605ba24cae66304ff63fe90, type: 3}
      propertyPath: m_LocalEulerAnglesHint.x
      value: 0
      objectReference: {fileID: 0}
    - target: {fileID: 9046571314784867418, guid: cc6f5a244605ba24cae66304ff63fe90, type: 3}
      propertyPath: m_LocalEulerAnglesHint.y
      value: 0
      objectReference: {fileID: 0}
    - target: {fileID: 9046571314784867418, guid: cc6f5a244605ba24cae66304ff63fe90, type: 3}
      propertyPath: m_LocalEulerAnglesHint.z
      value: 0
      objectReference: {fileID: 0}
    - target: {fileID: 9046571314784867422, guid: cc6f5a244605ba24cae66304ff63fe90, type: 3}
      propertyPath: m_Name
      value: RockF
      objectReference: {fileID: 0}
    m_RemovedComponents: []
  m_SourcePrefab: {fileID: 100100000, guid: cc6f5a244605ba24cae66304ff63fe90, type: 3}
--- !u!4 &1833217864677498871 stripped
Transform:
  m_CorrespondingSourceObject: {fileID: 9046571314784867418, guid: cc6f5a244605ba24cae66304ff63fe90, type: 3}
  m_PrefabInstance: {fileID: 7276415401573813165}
  m_PrefabAsset: {fileID: 0}
--- !u!1001 &8358045087771552627
PrefabInstance:
  m_ObjectHideFlags: 0
  serializedVersion: 2
  m_Modification:
    m_TransformParent: {fileID: 1237651837593028627}
    m_Modifications:
    - target: {fileID: 9046571314784867418, guid: cc6f5a244605ba24cae66304ff63fe90, type: 3}
      propertyPath: m_RootOrder
      value: 6
      objectReference: {fileID: 0}
    - target: {fileID: 9046571314784867418, guid: cc6f5a244605ba24cae66304ff63fe90, type: 3}
      propertyPath: m_LocalPosition.x
      value: 1.3699998
      objectReference: {fileID: 0}
    - target: {fileID: 9046571314784867418, guid: cc6f5a244605ba24cae66304ff63fe90, type: 3}
      propertyPath: m_LocalPosition.y
      value: 1.19
      objectReference: {fileID: 0}
    - target: {fileID: 9046571314784867418, guid: cc6f5a244605ba24cae66304ff63fe90, type: 3}
      propertyPath: m_LocalPosition.z
      value: -0.050000012
      objectReference: {fileID: 0}
    - target: {fileID: 9046571314784867418, guid: cc6f5a244605ba24cae66304ff63fe90, type: 3}
      propertyPath: m_LocalRotation.w
      value: 0.7207302
      objectReference: {fileID: 0}
    - target: {fileID: 9046571314784867418, guid: cc6f5a244605ba24cae66304ff63fe90, type: 3}
      propertyPath: m_LocalRotation.x
      value: 0.5618806
      objectReference: {fileID: 0}
    - target: {fileID: 9046571314784867418, guid: cc6f5a244605ba24cae66304ff63fe90, type: 3}
      propertyPath: m_LocalRotation.y
      value: 0.32019636
      objectReference: {fileID: 0}
    - target: {fileID: 9046571314784867418, guid: cc6f5a244605ba24cae66304ff63fe90, type: 3}
      propertyPath: m_LocalRotation.z
      value: 0.24962477
      objectReference: {fileID: 0}
    - target: {fileID: 9046571314784867418, guid: cc6f5a244605ba24cae66304ff63fe90, type: 3}
      propertyPath: m_LocalEulerAnglesHint.x
      value: 40.547
      objectReference: {fileID: 0}
    - target: {fileID: 9046571314784867418, guid: cc6f5a244605ba24cae66304ff63fe90, type: 3}
      propertyPath: m_LocalEulerAnglesHint.y
      value: 77.572
      objectReference: {fileID: 0}
    - target: {fileID: 9046571314784867418, guid: cc6f5a244605ba24cae66304ff63fe90, type: 3}
      propertyPath: m_LocalEulerAnglesHint.z
      value: 71.274
      objectReference: {fileID: 0}
    - target: {fileID: 9046571314784867422, guid: cc6f5a244605ba24cae66304ff63fe90, type: 3}
      propertyPath: m_Name
      value: RockG
      objectReference: {fileID: 0}
    m_RemovedComponents: []
  m_SourcePrefab: {fileID: 100100000, guid: cc6f5a244605ba24cae66304ff63fe90, type: 3}
--- !u!4 &1042122718988730153 stripped
Transform:
  m_CorrespondingSourceObject: {fileID: 9046571314784867418, guid: cc6f5a244605ba24cae66304ff63fe90, type: 3}
  m_PrefabInstance: {fileID: 8358045087771552627}
  m_PrefabAsset: {fileID: 0}
